1685 2995
272 191 503 226 MORmvs
554 190 618 224 ET
666 189 950 224 SCRIBENDI
1003 190 1229 226 GENERE.
1407 194 1464 236 23

130 302 190 345 In
228 314 427 344 morum
463 297 776 358 turpitudine
813 298 1051 358 carpenda
1093 298 1214 344 dum
1248 299 1467 347 versatur

25 365 239 423 Per-Iius,
280 383 352 412 res
382 367 502 410 adeo
543 366 586 411 ei
627 366 831 429 indigna
861 377 1007 426 atque
1050 366 1356 412 intoleranda
1391 369 1463 413 vi-

27 436 198 489 detur,
237 446 316 490 vt,
352 433 543 478 iudicio
584 449 643 477 ex
681 431 845 479 nostro
882 433 1021 479 sensu
1048 435 1173 489 lato,
1209 436 1370 481 verbis
1413 447 1462 482 et

27 502 335 548 dictionibus
362 513 529 547 Vtatur
554 498 831 556 obscoenis,
865 501 984 545 etin
1013 502 1166 561 tropis
1190 501 1460 566 figurisque

26 570 298 632 deligendis
344 584 544 614 omnem
581 568 790 614 modum
829 568 894 612 ita
932 569 1175 626 excedatJ
1215 582 1267 614 vt
1312 571 1459 617 inter·

24 639 173 691 dum,
210 638 330 697 quid
362 635 446 681 fibi
475 634 623 688 velit,
659 637 804 696 plane
838 636 1126 682 nesciamus.
1198 642 1387 699 Atque,
1424 637 1458 685 fi

28 722 132 751 rem
175 705 447 750 adcuratius
484 702 870 758 conlideramus,
925 704 1144 766 adparet,
1196 721 1310 751 euru
1351 722 1457 753 non

26 774 114 818 illa
158 771 483 817 abominanda
527 769 771 832 adtigisse,
832 771 1010 832 quibus
1059 771 1285 818 homines
1334 785 1456 820 tunc

29 837 197 902 paffim
231 851 369 884 erant
405 839 751 895 contaminati,
800 838 879 885 sed
917 840 1106 886 leuiora
1140 851 1360 896 tantum,
1408 854 1457 887 et

29 908 131 952 iam
178 907 398 961 dudum,
456 905 737 966 praesertim
777 924 802 952 a
846 906 1149 965 delicatulis‚
1205 925 1344 954 more
1386 925 1456 955 re-

30 986 192 1035 cepta,
247 975 307 1019 ad
348 973 662 1020 inmodicum
706 975 921 1035 corporis
971 976 1165 1021 cultum
1207 973 1455 1023 effemina-

29 1055 232 1105 tamque
270 1041 535 1087 mollitiem
574 1040 760 1106 magis,
812 1059 959 1105 quam
1003 1044 1060 1089 ad
1094 1060 1292 1090 morum
1332 1044 1455 1090 infa-

28 1112 181 1156 miam
255 1111 672 1171 voluptatumque
734 1110 1103 1170 turpitudinem
1170 1110 1451 1173 spectantia.

29 1176 195 1241 Quid?
232 1176 266 1222 fi
298 1194 349 1222 ea
377 1175 656 1240 castigasset,
702 1194 826 1238 quae
864 1179 1115 1224 quenalis
1152 1180 1449 1241 quibusdam

28 1247 153 1292 locis
187 1245 426 1307 exagitat,
463 1244 646 1306 quibus
680 1245 877 1291 tandem
901 1246 1062 1292 verbis
1094 1264 1208 1292 eum
1245 1247 1454 1293 vsurunr

27 1312 169 1361 fuiffe
209 1311 574 1359 existimemus?
637 1316 820 1359 Verum
862 1312 979 1359 illae
1013 1314 1280 1371 dictiones,
1331 1333 1451 1377 quas

30 1380 285 1438 adhibuit,
335 1381 501 1437 rebus,
566 1397 690 1442 quae
728 1393 994 1438 notantur,
1049 1383 1451 1430 adcommodatae

30 1447 169 1505 sunt,
208 1465 301 1495 nec
325 1449 425 1494 dici
455 1448 628 1509 potest,
674 1465 789 1494 eum
815 1448 1160 1512 indignatione
1193 1452 1452 1513 abreptum

31 1518 314 1580 virgineum
356 1516 504 1561 illum
544 1515 808 1578 pudorem,
860 1533 1009 1580 quem
1051 1520 1206 1582 vulgo
1244 1519 1321 1564 illi
1368 1520 1453 1564 tri-

33 1583 273 1642 buerunt,
313 1582 516 1642 exuiffe,
557 1600 713 1646 quum
743 1585 831 1630 illa
856 1586 1002 1631 verba
1028 1597 1146 1632 tunc
1176 1587 1301 1632 vela
1333 1587 1450 1632 viris

32 1651 244 1699 honestis
297 1652 670 1714 vsurparentur‚
732 1669 825 1698 nec
878 1653 1044 1700 Cicero
1093 1653 1345 1701 erubuerit
1394 1655 1450 1700 in

31 1720 322 1782 Philippicis
356 1719 452 1765 suis
487 1720 545 1765 de
577 1720 721 1766 rebus
756 1718 1061 1769 foedioribus
1100 1721 1261 1768 verbis
1300 1722 1451 1768 etiam

30 1787 434 1836 obscoenioribus
470 1787 556 1833 vti.
1087 1791 1091 1796 ’

181 1915 292 1957 quae
326 1903 446 1943 aliter
479 1903 591 1958 apud
626 1904 755 1950 alios,
787 1902 954 1957 semper
978 1912 1124 1944 tamen
1152 1905 1210 1944 ita
1232 1905 1449 1960 leguntur,

179 1969 228 1999 vt
264 1961 410 1999 nullus
446 1960 589 2001 seusus
631 1961 816 2001 idoneus
847 1960 950 1999 inde
982 1962 1081 2001 elici
1120 1962 1258 2016 poffit.
1328 1962 1449 2001 Cete-

178 2029 279 2055 rum
313 2018 398 2057 hoc
444 2020 502 2057 ita
541 2031 632 2057 non
674 2017 753 2058 effe
799 2017 1132 2072 adcipiendum,
1177 2019 1290 2074 quafi
1332 2032 1453 2058 nunc

180 2072 303 2113 satira
351 2072 463 2114 sexta
532 2088 684 2114 manca
723 2076 791 2118 fit,
855 2088 963 2129 quae
1012 2077 1164 2128 procul
1212 2076 1346 2116 dubio
1388 2077 1451 2114 in-

183 2139 297 2185 tegra
359 2131 436 2177 est,
507 2133 593 2171 iam
638 2131 917 2173 casaubonus
970 2134 1144 2172 monuit
1156 2147 1169 2179 ;
1248 2132 1454 2187 idemque

180 2187 412 2233 existimat,
473 2187 618 2229 versus
661 2191 757 2230 illos
792 2188 954 2230 deletos
990 2189 1043 2229 ad
1080 2202 1243 2229 nouam
1286 2188 1454 2229 satiram

180 2245 431 2300 pertinuilse
483 2246 732 2287 inchoatam
772 2256 941 2286 tantum
987 2258 1070 2286 nee
1115 2246 1220 2285 dum
1269 2245 1452 2287 finitam.

179 2301 311 2342 Addit
339 2311 578 2357 praeterea:
620 2303 707 2359 Etfi
749 2316 844 2343 vero
878 2307 1027 2345 certum
1060 2304 1135 2358 pst,
1190 2309 1295 2344 recte
1325 2303 1455 2359 Persii

178 2359 326 2400 libr-um
356 2359 475 2401 hodie
506 2362 548 2402 in
587 2358 665 2413 sex
688 2360 854 2415 satiras
881 2360 1106 2416 &stingum
1156 2361 1199 2400 in
1238 2361 1455 2417 antiquzffi-

178 2417 257 2457 mis
288 2423 422 2458 tamen
448 2417 697 2459 membranis
723 2418 847 2458 aliam
882 2417 1168 2474 distinctionem
1202 2418 1455 2459 ismemnms:

177 2472 222 2513 in
244 2475 381 2515 multis
413 2476 515 2515 enim
537 2473 743 2516 codicibus
775 2476 947 2530 quinque
971 2474 1101 2528 solum
1131 2474 1294 2527 satirae
1324 2487 1454 2516 mame-

177 2535 352 2579 rtinum,
390 2538 544 2586 quarta
583 2531 641 2572 ad
670 2532 838 2572 tertiam
872 2533 1091 2571 adiuncta.-
1139 2533 1182 2570 εἰη
1213 2531 1457 2586 quibusdam

175 2589 388 2628 continuus
441 2590 494 2645 est
546 2601 650 2628 ‘unus
703 2589 829 2633 liber,
884 2589 996 2629 nulla
1050 2587 1282 2640 satira-rum
1334 2588 1458 2642 facta

174 2644 461 2698 distinctione..
496 2645 607 2685 Sane
635 2645 893 2700 Prisc-ianus,
936 2651 1057 2699 atqu-c
1088 2644 1162 2684 aliz·
1187 2646 1457 2698 grannnatici

173 2701 358 2755 antiqui,
390 2702 548 2757 quoties
587 2700 767 2755 Persium
807 2702 1001 2749 laudant,
1049 2701 1201 2743 librum
1234 2704 1456 2751 nominmzt,

174 2769 253 2798 non
275 2757 440 2812 satiras
474 2764 703 2801 numerant.
