1685 2995
517 206 572 239 m
617 204 848 239 summ-1
890 191 973 237 VI.
1355 204 1443 246 ¹37

36 317 151 355 enim
184 314 374 369 primum
399 312 582 351 'nimiam
608 310 873 365 diligentiam
905 312 948 348 in
976 312 1104 350 rebus
1130 308 1344 349 vilissimis
1372 309 1447 350 ser-

35 371 202 418 vandiS,
233 369 389 409 deinde
410 382 604 422 magnam
629 369 819 408 hominis
841 368 1112 410 dnxietatenn
1144 380 1197 405 ne
1218 367 1322 420 quid
1346 366 1447 406 inde

35 430 108 468 libi
142 427 378 466 detractum
415 421 495 464 lit(
541 426 606 464 De
642 425 725 465 hoc
764 424 1013 478 oblignancli
1049 436 1116 463 res
1151 426 1289 464 varias
1326 438 1446 464 more

35 501 76 525 v.
106 485 198 523 loca
228 483 395 522 laudata
424 495 443 520 a
471 482 650 534 Ruperti
680 481 732 520 ad
761 482 951 520 Iuvenal.
973 482 1077 525 XIV,
1106 486 1178 518 126
1197 480 1284 534 sqq.

121 545 218 580 18—
237 555 297 589 ²4·
327 540 453 578 Viuat
484 539 588 576 alius
618 538 702 577 alio
736 550 877 584 more3
915 550 1015 576 nam
1045 549 1185 576 mores
1215 539 1448 576 hominum

34 596 259 637 dissimiles
288 595 408 642 sunt;
449 596 519 632 alii
555 596 730 645 genium
761 593 1035 637 defraudant,
1069 595 1140 632 alii
1173 596 1317 633 omnia
1347 593 1448 632 ‹lita-

32 654 197 708 pidant.
265 654 356 708 Ego
390 653 497 690 meis
531 645 658 690 rebus
691 661 808 695 war,
851 653 905 690 ita
946 660 1110 694 tamen,
1155 661 1202 689 vt
1234 652 1450 689 luxurium

35 712 184 750 vitem.
245 710 337 748 Hac
357 708 645 763 propositione
675 708 862 761 generali
889 705 1228 745 00111n1odiffime
1251 708 1323 745 Iibi
1359 707 1449 746 stra-

35 770 100 807 vit
130 768 245 805 viam
266 766 318 804 ad
344 766 546 805 auaritiae
574 775 616 804 et
643 763 831 802 sordium
859 765 1248 818 reprehenlionem,
1272 766 1450 803 remotis

33 833 77 862 et
102 823 241 862 derisus
270 824 324 862 iis
352 822 480 861 Cauiis
511 831 553 860 et
572 821 827 866 rationibus,
856 834 958 875 quas
990 821 1204 866 homines,
1234 822 1317 860 hoc
1341 822 1451 861 vitio

34 881 297 923 laborantes,
339 880 385 917 in
418 877 536 917 suam
568 892 658 917 rem
693 876 880 931 proferre
916 877 1090 916 soleant.

123 943 185 976 18.
214 937 456 988 Discrepet
489 934 541 974 sc.
577 949 597 973 a
626 949 718 978 me,
748 947 769 972 a
799 948 897 973 meo
926 933 1105 975 viuendi
1134 947 1266 973 more.
1306 937 1450 976 Horo-

23 989 206 1054 scopus,
237 994 339 1032 hora
365 993 532 1037 natalis,
561 993 677 1031 vnde
699 991 782 1031 fata
807 993 1038 1032 hominum
1063 991 1248 1045 pendere
1272 990 1451 1033 somnia-

36 1051 138 1090 bant
167 1049 385 1105 astrologi,
419 1048 624 1103 personae
653 1049 795 1089 vicem
829 1047 1032 1096 sustinet3
1073 1048 1125 1087 ad
1156 1063 1285 1103 quam
1316 1063 1452 1103 quum

33 1107 75 1148 sc
102 1116 237 1146 vertat
269 1112 416 1159 poeta,
447 1107 655 1146 sententia
683 1118 758 1158 per
782 1104 822 1144 se
851 1104 1036 1160 vulgaris
1064 1118 1228 1145 nouam
1260 1107 1351 1145 vim
1384 1107 1453 1149 acb

36 1164 186 1219 cepiffe
217 1163 401 1203 videtur.
469 1165 535 1204 De
568 1164 654 1203 hoc
693 1171 867 1202 ornatus
913 1175 1068 1217 genere
1108 1164 1230 1218 plura
1263 1162 1450 1217 Quintil.

35 1221 167 1262 Instit.
195 1221 302 1265 VIII,
336 1234 370 1265 ς.

130 1291 189 1326 19.
223 1276 456 1321 Prodzwis,
489 1275 534 1313 in
557 1275 698 1317 lucem
721 1275 826 1315 edis.
857 1275 930 1315 Sil.
951 1275 1042 1315 Ital.
1059 1276 1092 1319 Ι,
1117 1288 1204 1314 112.
1252 1277 1453 1317 Geminos

36 1348 147 1374 varo
176 1335 362 1386 ingenio.
428 1332 541 1385 Ergo
566 1332 768 1372 homines
792 1331 867 1372 sub
903 1345 988 1371 vna
1017 1332 1254 1386 eademque
1282 1333 1456 1373 constel-

35 1391 196 1432 latione
226 1392 317 1430 nati
352 1390 519 1443 ingenii
556 1397 598 1427 et
631 1403 802 1429 morum
832 1390 1112 1428 similitudine
1140 1391 1323 1430 minime
1356 1404 1454 1444 gau-

35 1447 154 1487 dent.
237 1448 394 1486 Poetae
440 1454 638 1484 ornatum
682 1448 866 1500 quisque
907 1446 1033 1485 facile
1068 1445 1244 1491 sentiet,
1288 1442 1456 1486 conlata

36 1518 138 1545 cum
167 1505 260 1543 eius
283 1503 425 1543 verbis
453 1501 569 1543 nuda
596 1501 828 1544 sententia:
864 1505 1096 1544 hominum
1127 1501 1261 1543 studia
1289 1503 1457 1545 diuersa

35 1562 150 1601 funt.
208 1562 362 1606 Multa,
395 1572 503 1613 quae
533 1559 585 1597 ad
615 1559 861 1615 astrologiae
898 1574 1032 1616 nugas
1063 1561 1308 1614 pertinent,
1335 1565 1457 1601 inue-

39 1620 131 1659 nies
162 1618 206 1656 in
234 1619 351 1657 notis
384 1618 507 1671 Vulp.
540 1625 580 1655 et
613 1617 763 1658 Burm.
794 1617 846 1657 ad
873 1618 998 1670 Prop.
1019 1619 1084 1663 IV,
1113 1632 1144 1661 ι,
1166 1622 1232 1661 80-

128 1669 187 1724 t9.
218 1673 454 1716 natalibus.
502 1674 603 1713 Dies
640 1675 790 1714 natalis
832 1677 1062 1730 praecipue
1101 1676 1241 1731 epulis
1275 1675 1457 1714 celebra-

39 1733 174 1772 batur.
211 1746 252 1770 v.
281 1730 334 1770 ad
360 1731 407 1776 V,
438 1744 525 1778 ¹5¹·
1293 1762 1298 1765 .

128 1803 190 1827 ιο.
223 1789 341 1831 olus,
375 1788 401 1826 i.
425 1801 459 1826 e.
495 1787 641 1826 cibum
673 1785 946 1832 viliffinmm,
985 1799 1072 1840 quo
1109 1797 1254 1826 tamen
1292 1796 1460 1828 veteres

39 1846 228 1885 Romani
256 1844 499 1889 vtebanlur‚
541 1843 706 1893 (Horat.
728 1844 811 1883 Sat.
835 1845 882 1890 11,
913 1859 946 1888 1,
967 1849 1052 1896 74.)
1082 1857 1268 1896 quorum
1303 1843 1460 1884 sobrie-

40 1898 172 1942 tatem
194 1915 294 1941 cum
315 1900 378 1939 sui
399 1902 603 1954 temporis
629 1900 795 1940 luxuria
817 1909 1035 1956 comparat
1058 1902 1248 1941 Juvenal.
1265 1903 1315 1947 X,
1337 1902 1458 1957 781'q.

25 1957 215 2020 siccum,
254 1971 346 1998 non
374 1968 570 1996 vnctum.
600 1952 757 2015 vafer,
789 1957 957 2002 sollers,
990 1957 1263 2012 ingeniosus,
1289 1968 1336 1996 vt
1363 1957 1461 1998 sunt

40 2014 200 2055 sordidi
231 2018 275 2054 in
307 2013 580 2054 custodienda
611 2027 668 2054 re.
728 2016 881 2054 Mur-ia
910 2025 997 2054 erat
1027 2016 1098 2054 vel
1125 2029 1233 2069 aqua
1263 2014 1358 2054 salsa
1376 2045 1385 2061 ,
1415 2018 1461 2054 in

43 2087 126 2128 qua
165 2071 327 2127 aliquid
358 2070 495 2112 fuerat
532 2082 791 2111 maceratum
832 2083 905 2111 aut
939 2071 1176 2115 seruatum,
1221 2072 1292 2110 vel
1327 2086 1461 2127 genus

43 2130 296 2184 liquaminis
325 2141 375 2167 ex
397 2129 666 2168 thunnorum
694 2128 823 2173 sanie,
850 2138 897 2167 vt
925 2144 1079 2180 garum
1104 2142 1126 2165 e
1150 2126 1461 2171 scombr01·um.'

42 2187 195 2226 Horat.
221 2186 305 2226 Sat.
325 2187 378 2232 ΙΙ,
400 2191 436 2232 8,
460 2187 525 2231 46.
547 2195 588 2224 et
613 2199 682 2232 53;
718 2184 771 2224 cf.
796 2185 966 2225 Salmas.
997 2186 1048 2225 ad
1080 2186 1216 2225 Solin.
1246 2200 1286 2238 p.
1310 2201 1385 2236 :44
1403 2186 1461 2240 sq.

44 2243 109 2284 Ad
140 2241 522 2282 consummandam
553 2240 745 2282 sordidae
779 2244 1059 2295 parsimoniae
1092 2244 1352 2297 imaginem,
1393 2236 1463 2284 ad-

45 2301 170 2340 iecit:
213 2308 359 2352 empta
381 2303 424 2340 in
452 2300 587 2338 calice
616 2298 642 2338 i.
664 2311 699 2351 e,
727 2301 880 2353 exiguo
910 2298 1080 2340 vasculo
1110 2309 1274 2353 empta,
1306 2310 1354 2338 vt
1375 2311 1465 2340 tan-

43 2356 274 2397 tummodo
312 2355 364 2395 ad
399 2358 517 2396 hunc
552 2355 670 2397 diem
713 2355 961 2402 su'bficeret,
1014 2357 1107 2396 aliis
1149 2358 1268 2395 enim
1312 2356 1493 2397 diebus*

39 2416 192 2454 ‘minus
222 2416 337 2453 laute
374 2413 637 2467 epulabatur.
705 2414 806 2453 Huc
830 2415 1018 2468 pertinet
1050 2416 1181 2454 etiam
1209 2416 1369 2466 tingat.
1407 2414 1460 2456 cf.

46 2471 195 2512 Horat.
227 2471 311 2511 Sat.
338 2471 392 2516 ΙΙ,
424 2485 456 2516 2,
481 2472 529 2507 60
551 2468 639 2524 sqq.

135 2541 199 2567 21.
231 2523 346 2587 Ipse.
397 2527 509 2566 Nam
539 2525 661 2566 seruo
690 2534 808 2566 tanta
840 2541 905 2567 res
934 2525 1020 2567 scil.
1049 2540 1140 2567 non
1169 2529 1466 2568 committeba-

49 2594 130 2632 tur.
171 2586 401 2630 inrorans,
445 2582 680 2638 parciffime
717 2583 936 2623 instillans.
969 2580 1149 2644 sacrum
1187 2587 1339 2637 piper,
1374 2586 1403 2625 i.
1426 2599 1462 2625 e.

48 2642 170 2696 piper
198 2651 417 2696 tamquam
444 2653 534 2678 rem
554 2639 710 2679 sacram
736 2650 779 2679 et
797 2643 981 2680 minime
1006 2640 1278 2698 tangendam.
1313 2642 1463 2685 Horat,

49 2699 136 2737 Sat.
156 2698 208 2744 11,
235 2711 270 2746 3,
297 2711 383 2740 110,
417 2705 458 2735 et
485 2698 516 2742 I,
539 2711 574 2743 1,
596 2711 661 2746 7²·
713 2697 852 2737 Oleris
885 2712 1045 2753 genus,
1073 2694 1122 2739 rt
1151 2698 1262 2744 beta,
1291 2700 1396 2742 vino
1425 2709 1468 2738 et

50 2757 198 2811 pipere
227 2754 521 2795 condiebatur.
559 2754 745 2794 Martial.
765 2756 870 2800 XIII,
896 2771 958 2804 15.
