1685 2995
166 123 223 167 32
661 118 1083 153 COMMENTARIVS

164 245 281 279 mus,
312 227 416 268 mali
426 228 450 267 Ρ
495 226 596 272 hoe,
635 233 687 266 vc
717 226 896 271 opinor,
923 222 1141 275 subc-idere
1167 234 1340 268 mentem
1373 235 1415 266 et
1446 229 1585 268 incur.

162 290 261 329 vari
298 295 340 325 et
365 283 628 337 fiebcnmbere
711 282 808 322 Hoc
839 281 1025 321 verbum
1064 282 1249 336 amplius
1284 284 1529 325 inlustratur
1562 297 1587 326 a

163 345 365 387 Ciceron.
394 339 569 380 Tuscul.
596 337 649 391 Q.
670 338 718 385 11,
743 354 757 376 2
774 367 778 369 μ
795 369 804 377 .
850 337 904 377 cf.
929 339 1074 378 Horat.
1100 340 1146 376 in
1179 351 1265 380 arte
1295 356 1381 380 ιω.

251 414 351 449 92-
374 399 461 437 106.
495 398 682 437 Locum,
710 396 785 450 qui
811 393 1022 449 seqnitur,
1053 407 1145 434 non
1171 398 1225 437 ob
1255 410 1386 437 vnam
1415 396 1585 437 causam

164 450 473 497 difficillimum
512 453 590 492 effe
625 461 745 505 put0.
815 453 1011 490 Primum
1049 453 1168 491 enim
1207 454 1419 493 iudicium
1453 454 1588 493 fertur

164 515 219 554 de
244 527 372 568 praua
398 511 599 551 versuum
625 509 811 548 mollitie
835 522 911 562 per
941 510 1184 548 iuncturam
1212 510 1459 564 praesertim
1486 510 1585 551 effe·

162 573 372 610 minatam
396 568 594 624 quaesita.
655 566 750 619 Qua
778 567 821 603 in
847 580 890 605 re
914 566 1073 605 etiamsi
1101 578 1221 606 aures
1247 568 1402 606 habere
1429 570 1586 622 aliquis

164 629 371 685 glorietur
402 637 531 679 quam
562 624 748 662 maxime
779 631 932 662 teretes
957 632 997 661 et
1025 622 1194 661 adfidua
1223 625 1490 676 optimorum
1514 638 1585 664 ve-

162 696 305 726 terum
342 687 568 738 poetarum
607 681 791 719 lectione
830 676 1154 726 eruditissimas,
1206 689 1349 719 tamen
1388 683 1460 719 vix
1496 691 1584 720 tarn

163 752 287 783 acute
317 742 362 779 in
390 741 474 780 hoc
500 750 654 793 genere
686 735 863 783 sentiet,
899 750 979 776 nec
1007 745 1094 775 tam
1128 736 1340 776 subtiliter
1360 737 1585 783 iudicabit,

163 814 296 855 quain
332 798 438 837 olim
473 798 586 834 inter
623 794 806 833 Graecos
847 802 890 832 et
925 793 1143 832 Romanos
1188 793 1324 834 forsan
1364 793 1416 834 de
1458 796 1585 848 plebe

166 858 336 911 aliquis,
367 854 439 893 vel
465 861 677 892 oratorem
703 850 881 890 audiens
913 852 981 888 vel
1007 852 1257 889 recitantem
1289 857 1475 905 poetam.
1535 854 1583 891 In

164 916 311 968 lingua
339 912 485 956 enim,
516 918 565 947 vt
595 918 776 953 vocant,
810 917 1027 953 emortua,
1060 910 1183 946 cuius
1208 910 1582 960 pronunciationis

163 973 376 1011 rationem
417 965 562 1007 saltem
606 978 696 1003 non
749 963 948 1003 adcurate
994 973 1216 1010 tenemus,
1283 978 1392 1020 quae
1441 966 1582 1019 aspera

161 1041 331 1084 quaeue
353 1025 464 1064 leuia
496 1033 717 1068 vocamus,
748 1021 799 1060 ad
819 1019 1002 1060 nostram
1026 1022 1342 1074 pronunciandi
1369 1025 1585 1062 rationein

162 1095 206 1124 et
242 1085 294 1123 ad
332 1083 499 1122 aurium
529 1079 765 1125 indicium,
799 1079 899 1117 inde
936 1077 1121 1123 factum,
1148 1078 1302 1118 referre
1337 1080 1463 1117 nobis
1490 1093 1583 1132 pro-

164 1144 278 1182 cliue
312 1139 389 1186 est,
431 1136 549 1193 quod
587 1137 730 1190 itaque
760 1148 850 1174 non
886 1136 1032 1174 minus
1071 1148 1228 1190 vagum
1262 1146 1304 1175 et
1340 1136 1583 1176 inconstans

163 1197 571 1240 aniiiiadiiertiniiiS‚
612 1207 742 1248 quam
778 1194 893 1231 illam
928 1193 1165 1234 rationem,
1206 1206 1289 1247 qua
1324 1194 1403 1232 niti
1439 1193 1581 1233 soleat.

162 1256 348 1302 Deinde,
382 1252 500 1309 quod
532 1251 747 1305 negligere
776 1250 912 1289 solent
939 1249 1157 1289 interdum
1189 1250 1456 1304 interpretes,
1483 1250 1583 1290 Per·

164 1316 244 1354 lius
275 1312 353 1358 est,
387 1306 461 1366 qui
496 1309 711 1348 iudicium
749 1307 869 1346 suum
900 1316 1134 1361 proponat,
1175 1306 1377 1360 idemque
1413 1307 1581 1353 stoicus,

163 1374 235 1412 cui
273 1370 325 1408 de
369 1379 543 1408 morum
581 1363 806 1420 disciplina
846 1364 1086 1418 disputanti
1125 1361 1263 1402 forsan
1303 1367 1440 1403 maim·
1475 1364 1582 1404 fides

163 1426 362 1469 habenda
401 1426 469 1469 sit,
525 1437 654 1477 quain
699 1421 751 1459 de
788 1419 991 1460 vei-suum
1028 1420 1244 1460 venustate
1291 1431 1332 1459 et
1371 1422 1583 1472 elegantia

161 1483 401 1529 disserenti,
435 1480 613 1533 fierique
642 1480 823 1518 omnino
856 1477 1012 1530 potest,
1043 1488 1091 1517 vt
1122 1478 1192 1516 illa
1217 1477 1414 1517 versuum
1443 1472 1584 1517 molli-

160 1546 264 1589 ties,
309 1553 441 1595 quam
475 1537 650 1577 tetricus
682 1536 754 1574 ille
791 1544 834 1574 et
871 1533 1066 1574 morosus
1103 1533 1253 1574 censor
1291 1534 1583 1574 effeminatam

159 1608 285 1655 putat
316 1609 360 1637 et
393 1593 584 1637 cinaedis
617 1593 816 1647 dignam,
863 1605 951 1630 nori
981 1603 1070 1631 tam
1106 1592 1385 1630 vehementer
1416 1593 1583 1645 vitupe-

160 1657 309 1702 randa,
338 1654 501 1708 suoque
530 1652 624 1689 loco
650 1649 842 1688 adhibita
865 1651 936 1688 vel
966 1651 1079 1687 inter
1106 1650 1288 1688 virtutes
1317 1649 1583 1688 numeranda

161 1717 222 1755 sit.
282 1714 416 1752 Porro
450 1723 501 1749 ex
533 1707 816 1752 carminibus,
860 1719 916 1745 ne
948 1707 1075 1745 titulo
1108 1716 1150 1744 et
1184 1705 1460 1760 inscriptione
1488 1708 1582 1761 qui-

161 1773 262 1811 dem
293 1770 420 1808 nobis
458 1767 587 1812 notis,
623 1764 772 1818 singuli
805 1763 948 1802 versus
978 1763 1208 1802 testimonii
1245 1764 1336 1803 loco
1370 1765 1415 1801 in
1441 1773 1580 1815 partes

162 1837 398 1871 vocantur,
430 1836 621 1877 quorum
647 1819 816 1860 sensum
842 1822 916 1858 vix
940 1820 1159 1864 diuinare,
1190 1820 1352 1858 nedum
1381 1820 1581 1859 adcurate

161 1885 402 1939 intelligere
433 1879 676 1935 poffumus,
711 1877 763 1916 ad
794 1890 924 1932 quem
957 1887 1101 1917 tamen
1132 1876 1343 1915 iudicium
1374 1876 1580 1923 nostrum,

161 1956 214 1984 ex
242 1950 359 1995 parte
390 1937 568 1992 quidem
598 1936 667 1975 vel
697 1935 781 1975 hoc
806 1935 927 1977 loco,
961 1933 1167 1972 referatur
1195 1935 1358 1973 necelle
1391 1933 1471 1978 est,
1501 1934 1581 1973 nisi

160 2001 348 2039 velimus
376 1995 477 2034 testa
506 2004 549 2034 et
582 1994 673 2033 luto
711 2004 863 2032 coruos
897 1990 1057 2031 sectari.
1112 1989 1329 2029 Postremo
1363 1992 1475 2045 quali
1511 2003 1580 2030 cu·

159 2059 306 2097 mulus
354 2051 618 2093 difficultatis
658 2048 828 2089 adcedit
874 2049 1003 2087 etiam
1044 2046 1172 2087 Persii
1224 2047 1400 2087 dicendi
1444 2061 1579 2102 genus

160 2115 294 2154 breue
327 2122 369 2152 et
391 2107 636 2153 concisum,
666 2117 889 2159 troporum
917 2103 1136 2144 interdum
1166 2103 1390 2143 duriorum
1417 2118 1579 2152 amans,

161 2170 282 2227 quod
317 2182 394 2222 per
425 2167 463 2205 se
492 2167 602 2211 iam,
646 2177 781 2218 quum
813 2163 884 2201 vel
921 2162 972 2201 de
1008 2161 1136 2201 rebus
1170 2163 1283 2200 tritis
1313 2162 1505 2214 loquitur
1537 2171 1581 2200 et

159 2226 435 2282 vulgaribus,
468 2221 690 2276 negotium
722 2219 943 2275 interpreti
977 2217 1075 2257 satis
1107 2216 1278 2258 facessit.
1341 2219 1491 2272 Nuper
1525 2218 1580 2258 de

157 2286 244 2325 hoc
279 2285 377 2322 loco
404 2279 645 2334 disputauit
676 2274 901 2330 Meisterus
931 2274 1134 2330 profess'or
1164 2276 1211 2313 in
1244 2274 1369 2314 Acad.
1408 2274 1578 2316 Viadro·

158 2341 420 2385 Traiectina,
451 2339 573 2376 cuius
594 2336 807 2374 rationem
837 2335 884 2372 in
915 2333 1162 2372 Comment.
1187 2333 1342 2371 societ.
1371 2333 1576 2386 philolog.

158 2397 381 2453 Lipsiensis
418 2395 471 2434 T.
489 2395 522 2433 I.
557 2393 605 2431 Ρ.
623 2393 676 2431 11.
708 2406 749 2446 p.
774 2405 839 2438 ¹03
862 2388 951 2445 sqq.
995 2390 1225 2444 expositam
1264 2391 1476 2443 Cognoui,
1523 2389 1577 2428 ad

159 2469 288 2510 quam
327 2455 505 2492 lectores
548 2461 721 2504 quoque
760 2447 986 2487 amandare
1024 2446 1185 2485 necess'e
1222 2445 1385 2491 habeo,
1438 2460 1576 2500 quum

157 2512 210 2551 ab
240 2510 435 2552 instituto
466 2516 509 2547 et
541 2506 715 2546 consilio
744 2518 842 2544 mco
875 2505 1065 2543 alienum
1096 2504 1166 2549 sit,
1209 2504 1431 2547 omnium,
1467 2516 1577 2555 quae

155 2569 229 2608 ille
265 2569 334 2606 vir
373 2563 637 2605 doctiffiinus
679 2571 722 2601 et
755 2560 927 2616 copiose
968 2570 1012 2599 et
1046 2561 1185 2599 multo
1228 2572 1328 2598 cuni
1374 2560 1575 2598 acumine

153 2619 345 2679 protulit,
371 2624 586 2663 rationem
604 2620 775 2659 habere.
834 2618 1039 2658 ceterum
1051 2616 1314 2671 ‘cogitandus
1336 2615 1393 2656 est
1413 2616 1574 2656 Persius
