1685 2995
592 155 650 190 m
697 128 933 191 summ
986 141 1065 189 111.
1475 139 1541 196 69

115 264 314 317 exemplo
333 263 484 302 doctus
509 261 610 303 scio.
693 275 760 312 44.
786 261 1005 312 tangebam
1026 261 1142 300 olfuo
1184 259 1248 301 Ad
1267 272 1376 314 quae
1394 258 1537 301 schol.

115 329 266 360 merito
296 320 398 358 mihi·
423 320 723 369 lippisudinem
755 315 1008 372 arceffibam.
1063 315 1117 358 cf.
1146 317 1295 357 Burin.
1325 315 1377 355 ad
1405 315 1535 356 Ovid.

114 377 162 417 A.
183 376 228 414 A.
262 376 291 417 1.
315 377 408 414 662.
470 376 648 415 Sensus:
691 376 786 415 oleo
819 375 1046 428 tangebam
1075 375 1247 416 oculos,
1296 383 1342 413 vt
1366 372 1536 411 videret

113 433 250 472 oculis
283 430 513 477 laborare,‘
538 434 712 485 meique
740 440 936 484 parentes
966 445 1037 470 me
1065 444 1087 472 a
1113 429 1286 475 studiis,
1327 443 1350 469 a
1376 429 1536 484 quibu·

109 499 216 529 tunc
248 487 485 532 auersabar,
514 490 763 528 retinerent.

200 559 265 591 4³.
302 546 494 582 Grandia
520 544 556 598 si
591 545 738 582 nollem
777 544 978 581 morituri
1002 541 1131 581 verba
1158 541 1332 581 Catonis
1361 538 1531 583 Dfeere.

108 599 210 640 Erat
247 602 563 640 exercitationis
591 614 726 653 genus
756 599 870 652 apud
909 599 1238 652 grammaticos,
1270 606 1318 635 vt
1346 595 1532 651 discipu·

107 656 171 696 los
206 658 404 697 iuberent
441 670 532 696 eam
571 659 833 700 orationem,
873 669 1003 709 quam
1039 668 1221 710 magnus
1260 654 1415 709 aliquis
1446 655 1529 698 vir.

107 716 270 753 virtute
305 725 345 753 et
377 715 542 752 meritis
576 714 848 767 conspicuus,
882 725 1017 765 quum
1048 713 1093 751 in
1125 725 1176 752 eo
1207 709 1318 752 esset.
1350 720 1397 750 vt
1420 710 1527 749 ciui·

106 772 206 809 tatis
234 769 550 824 tempestatibus
578 779 652 810 ant
674 771 754 809 alia
784 767 968 821 quadam
992 769 1233 808 calamitate
1260 767 1526 812 obrueretur,

103 826 336 879 habuisset,
376 826 660 866 meditatione
694 835 736 866 et
779 823 882 876 stylo
912 825 1122 879 persequi.
1193 824 1316 875 Quae
1348 823 1526 878 quidem

104 884 349 924 exercitatio
374 884 560 923 multum
587 885 724 922 valere
745 882 926 920 debebat
948 895 1045 922 cum
1063 880 1116 920 ad
1135 879 1348 922 iudicium
1371 892 1524 920 acuen-

103 939 223 985 dum,
252 939 604 994 qnandoquidem
626 938 790 994 semper
816 937 1134 993 dispiciendum
1162 931 1270 981 eratJ
1295 949 1405 990 quae
1430 950 1524 990 per·

101 995 244 1041 sonis,
295 998 479 1050 tempori
516 1008 558 1036 et
586 998 682 1037 loco
719 996 1025 1039 conuenirent.
1068 1005 1157 1035 tum
1199 993 1251 1034 ad
1283 994 1522 1034 orationem

101 1051 234 1106 ipsam
256 1052 624 1108 locupletandam,
654 1062 899 1106 certamque
926 1053 1114 1107 aliquam
1149 1050 1404 1106 dignitatem
1435 1062 1522 1104 gra·

98 1109 364 1163 vitatemque
392 1110 430 1147 ei
461 1110 799 1155 conciliandam,
830 1122 966 1162 quum
986 1110 1201 1152 virorum,
1234 1107 1445 1162 dignitate
1478 1117 1522 1149 et

98 1167 307 1220 grauitate
334 1166 658 1212 excellentium,
688 1166 838 1210 verba,
867 1178 976 1220 quae
1003 1165 1142 1205 facere
1174 1163 1320 1204 saltem
1359 1161 1518 1217 potuis·

96 1220 216 1268 sent,
252 1224 494 1263 imitatione
530 1222 660 1262 effent
690 1221 976 1276 exprimenda.
1046 1222 1146 1273 Quo
1178 1223 1358 1261 nomine
1387 1220 1520 1259 etiam

96 1293 163 1319 ree
187 1281 466 1320 vehementer
492 1280 696 1335 probatur
717 1280 1003 1333 Quintiliano.
1026 1279 1110 1328 (ΙΙΙ,
1127 1283 1163 1318 8.
1195 1286 1237 1316 et
1260 1278 1354 1316 aliis
1376 1276 1518 1327 locis.)

95 1335 281 1376 Adcessit
313 1339 466 1382 etiam,
502 1347 548 1376 vt
583 1338 626 1375 in
661 1335 873 1376 sentiendi
911 1344 954 1374 et
988 1333 1206 1390 cogitandi
1243 1331 1518 1373 consuemdi-

94 1405 198 1433 nem
229 1394 384 1434 horum
413 1391 861 1448 praestantissimorum
889 1393 1080 1432 virorum
1112 1394 1296 1430 iuuenes
1331 1389 1516 1430 adduce-

93 1459 255 1490 rentur.
315 1451 438 1504 Quae
462 1451 640 1505 quidem
660 1464 728 1490 res
752 1463 828 1503 per
855 1448 896 1489 se
919 1450 1041 1488 omni
1063 1449 1188 1489 laude
1211 1448 1353 1498 digna,
1373 1459 1517 1500 quum

91 1507 267 1561 ingenia
308 1517 472 1547 mat-ura
506 1518 547 1546 et
583 1509 728 1562 aliquo
760 1509 846 1546 iam
879 1508 1098 1546 literarum
1139 1503 1214 1545 vsu
1252 1503 1422 1544 subacta
1453 1515 1515 1541 re-

93 1565 297 1619 quireret,
326 1564 587 1620 praepostere
619 1566 664 1603 in
691 1566 838 1620 pneris
869 1576 1005 1617 paene
1037 1562 1276 1602 infantibus
1307 1559 1514 1607 adhibita,

90 1621 189 1677 plus
221 1621 273 1659 ad
304 1620 675 1676 conrumpendam
703 1635 829 1661 verae
859 1621 1128 1674 eloquentiae
1149 1630 1357 1661 naturam,
1381 1629 1514 1671 quam

92 1678 147 1718 ad
175 1690 269 1717 eam
294 1677 637 1732 amplificandam
666 1689 706 1718 et
736 1676 1042 1732 perficiendam
1071 1676 1240 1716 adtulit.
1299 1673 1513 1714 Sensuum

92 1735 213 1773 enim
249 1745 290 1774 et
329 1734 664 1779 sententiarum,
716 1747 843 1790 quam
880 1733 1077 1774 nondum
1119 1734 1236 1787 capit
1270 1733 1342 1770 illa
1382 1742 1510 1775 aetas,

89 1789 354 1831 sublimitate
378 1801 420 1832 et
446 1793 654 1847 grauitate
684 1793 891 1847 neglecta,
926 1791 970 1828 in
989 1790 1132 1828 verbis
1161 1789 1321 1844 grande
1343 1785 1511 1841 aliquid

88 1845 341 1888 sonantibus
369 1849 590 1904 eligendis,
624 1850 670 1886 in
693 1849 887 1888 iunctura
919 1860 1070 1887 eorum
1094 1847 1216 1885 molli
1247 1857 1287 1885 et
1317 1856 1510 1898 compre-

87 1905 369 1945 hensionibus
397 1907 609 1962 perplexis
639 1898 682 1945 e‘t
711 1904 960 1949 artificiosis,
988 1905 1211 1958 pueriliter
1230 1901 1507 1944 desudabant.

90 1961 188 2014 Qua
218 1975 267 2001 ex
296 1977 366 2008 re,
407 1973 626 2018 tamquam
659 1976 708 2002 ex
739 1961 880 2007 fonte,
909 1974 1111 2015 magnam
1141 1962 1300 1999 latinae
1333 1959 1510 2012 linguae

88 2021 387 2074 conruptelam
418 2018 684 2074 profluxisse,
733 2019 1030 2073 vnusquisque
1061 2018 1304 2071 intelligat‚-
1345 2013 1509 2055 necesse

89 2074 160 2115 est.
219 2076 445 2131 Legendus
473 2076 528 2116 est
551 2077 735 2130 Quintil.
766 2075 860 2115 Inst.
887 2076 940 2121 11,
965 2088 1002 2118 ιι.
1058 2075 1251 2114 Grandia
1273 2073 1399 2111 verba
1426 2077 1443 2100 Ι
1460 2085 1504 2109 a·

88 2134 204 2171 tonis
232 2135 430 2172 morituri
470 2134 496 2172 i.
520 2147 559 2172 e.
591 2134 830 2174 orationem
859 2131 1035 2171 Catonis
1068 2130 1213 2169 verbis
1249 2127 1507 2168 sublimibus

88 2189 375 2235 elaboratam,
405 2191 451 2229 in
477 2203 560 2245 qua
594 2190 858 2230 deliberabat
879 2188 1009 2234 Cato,
1041 2197 1189 2228 vti-um
1220 2195 1402 2227 mortem
1433 2184 1509 2225 nbi

85 2244 400 2293 conscisceret,⁴
441 2259 495 2287 an
534 2245 784 2286 seruitutem
820 2257 1049 2301 pateretur.
1103 2244 1253 2285 Senec.
1288 2240 1416 2295 Epist.
1443 2255 1507 2291 ²4·

88 2301 294 2343 Ceterum
331 2303 557 2357 profiteor,
598 2306 815 2358 vulgatam
851 2303 1086 2342 lectionem
1120 2302 1327 2339 morituro
1352 2299 1510 2337 (latoni

34 2363 46 2376 ¹
86 2360 200 2400 mihi
220 2361 356 2415 magis
385 2358 591 2400 adridere.
649 2361 859 2402 Maiorem
882 2360 973 2398 vim
1002 2359 1045 2397 h.
1064 2358 1092 2395 l.
1124 2356 1252 2398 ineffe
1274 2355 1506 2410 vnusqnis-

89 2428 174 2470 que
206 2415 372 2462 sentiet,
405 2417 432 2456 si
461 2418 690 2472 puerulum
719 2418 881 2471 cogitet
902 2414 1112 2456 infantem
1137 2413 1291 2453 Catoni
1318 2410 1508 2456 suadere,

88 2472 194 2527 quid
227 2476 266 2513 ei
293 2474 541 2514 faciendum
566 2476 626 2514 lit.
686 2475 731 2512 In
763 2475 848 2514 hoc
873 2485 1029 2525 ¹genere
1052 2472 1259 2510 orationis
1288 2467 1508 2507 suasoriali

87 2530 211 2582 pueri
250 2532 297 2570 iu
327 2529 481 2571 scholis
508 2541 612 2571 tunc
644 2530 769 2571 valde
807 2523 1124 2570 exercebantur.
1156 2527 1356 2567 Juvenal.
1379 2526 1410 2569 1,
1445 2529 1504 2564 16.

171 2593 238 2636 46.
274 2601 356 2627 ηοη
371 2586 477 2639 sano
501 2589 677 2626 niulfum
702 2587 917 2626 laudanda
948 2584 1148 2636 magster-o
1218 2581 1398 2623 Praestat
1423 2594 1505 2621 non

87 2654 189 2685 cum
205 2643 316 2699 sano
336 2646 531 2701 iungere,
558 2655 607 2685 vt
632 2645 679 2685 sit
697 2656 800 2699 pro:
829 2643 990 2699 ity‘auo,
1023 2655 1152 2697 quam
1181 2653 1283 2681 cuin
1312 2640 1504 2681 multum.
