1685 2995
247 191 481 228 Moxlssvs
534 189 597 224 ET
652 187 931 226 scRmENm
980 188 1204 224 GENERE.
1379 192 1432 233 13

13 300 186 363 quitur
215 302 381 362 poeta,
440 309 495 344 vt
517 298 684 360 paucis
720 309 910 343 tantum
944 297 1090 344 lineis
1124 298 1282 343 ductis
1311 298 1439 343 viui.-

14 366 197 414 dissima
248 366 489 412 vitiorum
539 367 702 428 imago
753 382 1023 427 eorumque
1076 366 1331 427 turpitudo
1389 379 1438 411 ct

12 432 302 480 deformitas
333 446 446 479 ante
471 434 640 478 oculo<
669 432 980 487 obuersetur,
1014 450 1171 494 quum
1199 433 1436 489 hominie,

13 503 97 549 cui
125 518 177 546 ea
203 501 390 556 insunt,
431 499 695 562 sentiendi,
732 499 981 563 cogitandi
1011 513 1057 545 et
1087 500 1262 561 agendi
1295 502 1439 546 uuio-

12 585 129 616 nem
175 570 310 614 velut
348 568 505 614 oculis
543 567 871 628 contemplari
908 566 1173 613 videamur.
1256 572 1438 614 Omnes

11 633 258 700 imagines
295 647 342 681 et
387 634 762 690 fimititudines‚
811 634 991 696 quibus
1039 636 1217 689 vtitur,
1272 654 1295 681 e
1335 636 1438 682 vita

12 703 278 751 communi
299 701 504 765 petitae,
545 715 681 762 aptae
706 716 852 764 atque
883 703 1091 763 insigues
1124 704 1294 748 debent
1333 702 1437 760 effe,

15 770 310 832 omniaque,
349 786 472 831 quae
495 770 837 831 proferuntur,
875 771 939 815 ita
970 772 1277 830 temperanda
1309 772 1436 824 suut,

15 852 74 886 vt
116 838 196 901 agi
245 838 504 883 videantur
550 854 651 882 non
700 836 898 883 narrari.
989 837 1158 893 Ratio,
1223 855 1317 899 qua
1364 855 1437 886 res

14 907 210 952 tractari
235 904 434 966 possirnt,
476 904 745 966 multiplex
773 905 863 960 est,
902 906 1181 967 partimque
1206 923 1228 951 a
1264 911 1437 965 poetae

14 974 190 1020 indole
232 986 280 1019 et
318 985 518 1027 natura,
585 974 762 1033 partim
807 974 866 1018 al)
915 974 1195 1037 argumenti
1247 974 1437 1019 ratione

14 1044 211 1104 pendet.
317 1046 516 1099 Semper
570 1054 735 1086 autem
789 1041 979 1099 impetu
1036 1041 1206 1102 aliquo
1259 1041 1436 1086 (luctus

15 1108 238 1155 satiricus
288 1108 446 1154 videri
496 1108 639 1154 debet
679 1110 759 1154 vel
811 1107 1006 1154 ridendi
1061 1111 1141 1155 vel
1192 1108 1437 1166 carpendi,

15 1175 420 1252 occalionemque
447 1176 662 1222 oblatam
697 1175 957 1236 adripuisse
988 1193 1092 1223 non
1127 1175 1437 1236 quaeliuiffe3

16 1244 269 1306 optimum
317 1243 472 1308 igitur
522 1244 717 1289 dicendi
771 1261 953 1308 genus,
1028 1247 1156 1307 quod
1206 1244 1435 1291 adhibere

14 1311 172 1374 possit,
208 1313 301 1358 hoc
330 1310 408 1367 est,
456 1313 591 1373 quod
614 1311 784 1374 sponte
808 1324 854 1358 et
878 1330 902 1356 e
933 1329 982 1358 re
1006 1324 1196 1369 natum,
1226 1329 1322 1357 non
1350 1314 1435 1357 diu

19 1379 293 1444 quaesitum
334 1378 543 1424 videtur.
630 1383 688 1426 In
733 1397 832 1442 quo
873 1379 1018 1426 etiun
1065 1397 1155 1426 nec
1204 1380 1436 1425 acerbitas

16 1459 165 1495 nocet
186 1464 276 1493 nec
302 1446 598 1504 acrimonia,
635 1447 667 1493 fi
696 1466 767 1494 res
793 1449 858 1494 ita
890 1446 1123 1510 postulat,
1162 1448 1436 1493 dummodo

16 1515 200 1562 salibus
235 1527 283 1562 et
310 1514 584 1561 vrbanitate
617 1517 826 1577 quadam
868 1529 1131 1577 temperata
1158 1515 1237 1571 Iit,
1289 1533 1351 1561 ne
1382 1515 1439 1562 in

18 1598 152 1631 mera
200 1583 422 1629 conuicia
467 1601 540 1630 res
583 1584 735 1629 abeat.
822 1584 871 1630 Si
929 1601 1045 1631 vero
1092 1582 1308 1630 studium
1360 1584 1440 1628 ad·

18 1663 181 1714 paret,
231 1650 395 1696 omnis
427 1650 596 1697 satirae
630 1651 706 1698 vis
747 1651 1442 1714 quodammododebilitatur

20 1731 70 1765 et
106 1717 376 1782 frangitur,
430 1719 710 1781 praesertim
748 1721 796 1765 id
835 1736 1018 1783 genus,
1078 1721 1212 1783 quod
1254 1719 1349 1764 risu
1394 1730 1443 1765 et:

18 1784 214 1834 facetiis
238 1787 500 1832 hominum
533 1785 793 1834 stultitiam
822 1789 1046 1852 exagitat.
1128 1786 1209 1834 Est
1239 1787 1445 1850 quidam

21 1871 187 1901 rerum
226 1855 374 1912 ordo,
430 1855 518 1916 qui
553 1856 712 1917 primo
752 1855 978 1916 adspectu
1024 1855 1209 1901 solutus
1248 1854 1336 1901 effe
1372 1855 1445 1899 vi-

22 1923 168 1969 detur
189 1939 242 1968 ac
263 1921 412 1980 liber,
459 1923 619 1985 qualis
647 1922 736 1969 effe
771 1923 915 1980 solet,
973 1941 1128 1985 quum
1167 1922 1257 1984 ipsi
1290 1922 1449 1984 quieti

20 1990 331 2053 imaginandi
391 1990 619 2038 facultati
672 1991 1008 2054 permittimus
1055 1991 1107 2036 in
1158 1989 1448 2036 latillimum

21 2073 189 2104 rerum
246 2073 504 2120 campum,
575 2076 890 2122 quacumque
936 2061 1100 2116 lubet,
1165 2057 1444 2121 exspatiari,

25 2141 128 2187 quo
153 2138 272 2171 tunc
301 2125 353 2171 in
380 2129 544 2173 animo
571 2145 643 2172 res
668 2128 837 2183 rebus,
882 2126 1117 2191 imagines
1145 2125 1273 2176 ima(
1265 2126 1448 2172 iuibus

24 2191 284 2239 [abcedere
315 2194 528 2251 soleant,
559 2208 710 2255 prout
738 2197 817 2241 vel
847 2194 987 2240 simul
1021 2197 1218 2241 iunctae
1245 2177 1449 2251 inerint,

23 2261 103 2307 vel
144 2260 471 2308 similitudine
511 2262 676 2324 aliqua
720 2264 976 2325 copulatae
1017 2261 1120 2308 sint,
1194 2266 1346 2308 Hunc
1376 2278 1452 2307 or-

26 2327 196 2375 dinem
227 2329 507 2375 imitabitur
535 2330 791 2377 satirarum
827 2331 1053 2392 scriptor,
1112 2330 1455 2389 summamque

27 2409 180 2443 artem
208 2399 258 2443 in
282 2399 425 2445 omni
448 2399 563 2444 artis
582 2398 859 2462 suspicione
878 2399 1151 2445 amouenda
1179 2398 1454 2443 declarabit.

126 2533 221 2580 His
247 2531 391 2580 lineis
421 2534 729 2582 devniuerso
759 2552 936 2600 genere
973 2533 1163 2580 [athico
1198 2533 1358 2581 ductis
1393 2530 1457 2577 ad

31 2599 251 2648 nostrum
294 2601 510 2650 Persium
543 2607 823 2662 redeamus,
871 2603 1138 2664 paulloque
1177 2600 1455 2646 adcuratius

27 2667 88 2715 de
125 2686 184 2717 eo
222 2687 398 2736 genere
436 2670 752 2738 differamus,
814 2672 950 2735 quod
993 2671 1082 2717 ille
1132 2669 1328 2716 secutus
1371 2666 1452 2715 est.
