1685 2995
100 163 157 209 38
714 164 882 199 pensu

100 277 229 315 Tunc
258 268 462 312 mannans
493 271 655 325 quatit,
683 280 725 310 et
751 270 869 324 spem
898 283 1086 309 macram
1107 268 1300 324 supplice
1319 282 1425 314 voto
1487 289 1535 325 35

101 352 233 393 Nuuc
262 348 406 388 Licini
436 349 480 386 in
512 361 710 404 campos,
743 359 864 387 nunc
897 343 1027 385 Crassi
1057 346 1193 384 mittit
1226 347 1272 386 in
1303 348 1441 390 aedes.

104 428 234 467 Hunc
269 431 420 476 optent
450 437 658 477 generum
691 437 762 463 rex
793 432 836 462 et
862 421 1034 477 regina!
1067 423 1237 476 puellae

106 503 240 543 Hunc
268 498 457 553 rapiant!
491 500 705 554 quidquid
733 499 960 538 calcauerit
986 498 1081 542 hic,
1111 496 1204 538 rosa
1232 497 1323 542 fiat!

108 578 175 620 Ast
205 591 282 633 ego
313 578 472 617 nutrici
508 589 596 615 non
625 576 784 615 mando
816 584 943 614 vota:
975 584 1129 631 negato

108 657 273 710 Iupiter
303 657 410 694 haec
440 652 525 695 illi,
559 653 760 705 quamuis
792 661 834 691 te
863 653 1000 693 albata
1029 652 1202 708 rogarit.
1487 665 1540 705 40

165 727 311 770 Poscis
343 742 470 783 opem
504 728 648 766 neruis
689 740 932 783 corpusque
969 727 1094 767 fidele
1122 727 1331 766 senectae.

110 807 234 852 Esto,
266 819 362 861 age:
396 804 465 843 sed
498 803 677 859 grandes
707 806 880 856 patinae
910 813 1141 858 tucetaque
1171 803 1293 842 crassa

115 882 315 924 Adnuere
346 882 412 919 his
444 880 630 933 Superos
662 890 862 924 vetuere,
894 882 1129 933 Iouemque
1155 887 1391 919 morantur.

170 959 279 996 Rem
311 955 464 994 struere
493 963 666 1008 exoptas
699 955 818 996 caeso
848 959 989 1001 boue,
1020 955 1375 1008 Mercuriumque

114 1030 289 1073 Arcesfis
322 1030 447 1072 fibra:
481 1031 545 1069 Da
575 1029 794 1070 fortunare
823 1031 1022 1088 penates!
1491 1045 1542 1082 45

115 1109 182 1146 Da
212 1120 366 1162 pecus,
397 1115 440 1144 et
469 1108 669 1163 gregibus
700 1105 861 1148 fetum!
895 1119 1007 1161 quo,
1038 1104 1234 1159 pessime,
1264 1117 1406 1162 pacto,

117 1184 205 1222 Tot
235 1183 315 1221 tibi
346 1195 483 1236 quum
513 1182 559 1220 in
592 1181 777 1221 flammis
809 1183 1007 1221 iunicum
1030 1191 1203 1221 omenta
1224 1183 1492 1237 liquescant?

118 1259 173 1298 Et
203 1267 349 1296 tamen
379 1257 453 1295 hic
486 1258 591 1296 extis
624 1266 665 1296 et
694 1259 842 1313 opimo
877 1261 1053 1298 vincere
1084 1257 1194 1298 ferto

117 1332 332 1373 Intendit:
364 1332 450 1371 iam
484 1333 633 1373 crescit
663 1350 785 1392 ager,
815 1337 901 1375 iam
933 1333 1082 1373 crescit
1111 1336 1240 1380 ouile‚

119 1410 208 1448 Iam
240 1408 432 1452 dabitur,
466 1410 553 1448 iam
584 1411 692 1450 iam:
728 1411 868 1451 donec
898 1411 1105 1464 deceptus
1136 1420 1179 1451 et
1209 1410 1355 1468 exspes
1501 1427 1552 1464 ςο

119 1485 429 1541 Nequidquam
460 1484 598 1525 fundo
629 1486 807 1542 suspirat
836 1502 997 1528 numus
1030 1490 1077 1528 in
1106 1490 1210 1530 imo.

179 1563 224 1601 Si
256 1563 336 1601 tibi
365 1571 543 1602 crateras
574 1564 737 1617 argenti
767 1562 1003 1617 incusaque
1033 1565 1191 1619 pingui

121 1639 238 1681 Auro
271 1638 382 1677 dona
415 1637 570 1683 feram,
598 1637 748 1684 sudes,
776 1647 817 1677 et
848 1648 1022 1694 pectore
1053 1639 1179 1680 laeuo

124 1716 327 1756 Excutiat
353 1726 491 1771 guttas
521 1717 667 1756 laetari
700 1716 1021 1771 praetrepidum
1051 1719 1136 1755 cor.

126 1794 244 1834 Hinc
273 1792 381 1833 illud
413 1792 566 1836 subiit,
601 1804 703 1839 auro
736 1790 869 1830 sacras
900 1791 1017 1846 quod
1045 1800 1176 1831 nuato
1505 1809 1554 1847 ςς

126 1870 331 1910 Perducis
358 1869 503 1908 facies.
535 1880 635 1907 nam
664 1866 811 1907 fratres
841 1870 953 1908 inter
979 1882 1124 1914 aenos,

128 1949 309 1987 Somnia
341 1948 498 2000 pituita
529 1946 606 1998 qui
637 1942 926 1999 purgatissima
955 1945 1154 1988 mittunt,

93 2033 97 2036 ’
127 2026 355 2078 Praecipui
382 2024 531 2064 sunto,
574 2021 707 2073 sitque
735 2020 818 2060 illis
856 2032 980 2060 aurea
1008 2022 1150 2060 barba.

185 2100 352 2138 Aurum
389 2099 485 2138 vasa
515 2097 686 2136 Numae
717 2096 1002 2151 Saturniaque
1039 2093 1198 2149 inpulit
1230 2106 1339 2144 aera,

130 2174 400 2228 Vestalesque
433 2188 559 2213 vrnas
591 2183 633 2212 et
660 2173 853 2213 Tuscum
882 2172 1015 2214 fictile
1044 2179 1197 2210 mutat.
1507 2171 1561 2212 60

133 2249 171 2289 Ο
205 2262 361 2288 curuae
392 2251 439 2287 in
468 2258 597 2288 terras
629 2251 830 2294 animae,r
855 2257 898 2287 et
927 2246 1172 2287 caelestium
1203 2246 1374 2288 inanes!

134 2323 255 2377 Quid
284 2324 407 2363 iuuat
434 2324 542 2372 hoc,
575 2326 746 2380 templis
773 2325 934 2364 nostros
965 2324 1185 2362 inmittere
1213 2335 1369 2370 mores,

132 2399 188 2440 Et
218 2400 331 2439 bona
364 2398 428 2438 dis
460 2412 509 2437 ex
538 2402 620 2440 hac
648 2399 846 2440 scelerata
875 2400 1031 2440 ducere
1060 2398 1224 2455 pulpa?

134 2476 255 2515 Haec
284 2476 358 2515 fibi
390 2488 603 2532 conrupto
636 2478 786 2517 castam
821 2477 1023 2518 dissoluit
1052 2477 1196 2517 oliuo:

134 2553 191 2591 Et
219 2552 447 2592 Calabrum
475 2554 592 2593 coxit
619 2555 774 2593 vitiato
802 2555 966 2593 murice
995 2552 1147 2592 vellus.
1516 2546 1567 2597 65

137 2627 257 2667 Haec
285 2629 461 2668 baccam
494 2630 687 2669 conchae
716 2629 869 2675 rafiffe,
905 2637 948 2668 et
976 2627 1176 2683 stringere
1200 2639 1334 2668 venas
