1685 2995
162 115 222 159 28
666 114 1088 152 COMMENTAans

159 228 283 267 ciam.
308 220 505 278 artifices
522 234 626 275 pro:
659 221 821 261 idonei.
850 237 1002 270 ponere
1028 224 1116 263 h.l.
1147 237 1254 279 pro:
1285 235 1588 279 argumentum

159 281 336 336 aliquod
361 288 551 318 tractare.
592 279 738 317 Horat.
765 281 808 317 in
837 288 926 318 arte
950 294 1011 326 54.
1053 282 1244 322 Iuvenal-
1268 282 1296 328 1,
1325 297 1412 330 ¹5⁸-
1455 285 1586 324 etiam

159 339 213 379 de
246 337 482 392 pictoribus
521 336 702 381 dicitur,
747 335 877 375 ovid.
906 337 1018 375 A.A.
1044 338 1113 380 111,
1135 352 1229 384 40¹·
1276 353 1347 376 rus
1373 337 1583 394 saturum,

159 399 189 436 i.
211 408 246 434 e.
280 407 353 433 rus
378 394 507 432 bonis
532 388 877 432 refertissimum.
898 392 1038 431 corbes
1063 394 1116 433 ad
1139 389 1413 435 instrumenta
1436 396 1585 436 rustica

159 453 360 507 pertinet.
477 463 542 496 72.
564 443 744 506 franssa
767 449 926 488 Publia
945 443 1081 506 fumo.
1148 453 1303 490 Palilia
1325 463 1411 492 erat
1431 451 1584 497 festum

160 511 206 549 in
245 510 456 548 honorem
494 506 631 551 Palis,
677 507 746 544 vel
781 506 864 545 Dei
896 500 967 545 vel
1001 506 1116 547 Deae
1143 521 1347 562 pecorum
1381 520 1422 548 et
1451 510 1584 563 pasto-

156 579 277 606 rum.
330 563 449 618 quod
483 562 776 603 celebrabatur
797 564 861 602 xl.
882 563 959 602 cal.
981 564 1111 609 Mat,
1166 578 1252 618 quo
1291 564 1363 603 die
1398 567 1582 606 Romam

157 622 380 663 conditam
407 618 486 658 ess'e
521 619 706 658 tradunt.
767 620 812 658 ln
846 620 930 658 hoc
968 619 1069 659 festo
1100 634 1175 675 per
1208 633 1384 660 aceruos
1415 621 1583 676 stipula-

156 693 258 721 rum
288 675 491 717 adcensos
519 676 810 716 transfiliendo
837 675 878 714 se
907 675 1135 717 lustrabant
1167 678 1390 719 ruricolae.
1449 681 1581 720 van-0

158 735 212 776 de
237 737 282 774 L.
303 736 350 779 L.
375 735 423 780 V,
445 748 479 780 3·
521 732 649 773 Ovid.
679 731 780 771 Fast.
802 734 870 779 IV,
892 733 1043 789 629sq-
1080 736 1299 776 Plutarch.
1333 737 1379 774 in
1406 735 1581 776 Romul.

160 807 226 833 ιι.
253 790 321 832 ed.
347 791 470 831 Hutt.
496 791 686 843 Propert.
712 789 777 835 IV,
807 804 837 836 ι,
868 803 928 837 ¹9-

239 859 307 897 73,
341 847 462 888 Vnde
491 849 643 886 fiemus
670 846 724 885 sc.
764 846 976 886 oriundus
1011 845 1079 885 est.
1141 848 1265 886 Remi
1295 846 1494 902 frequens
1526 847 1582 887 est

155 906 323 947 mentio
361 904 476 958 apud
507 909 654 959 poetas
688 905 896 954 (Iuvenal.
926 903 975 947 X,
1002 918 1047 950 75
1068 933 1078 949 ‚
1121 904 1196 942 vbi
1234 904 1287 943 cf.
1318 906 1407 944 loca
1443 919 1465 943 a
1495 906 1582 944 Ru-

152 964 270 1019 perti
311 961 496 1011 laudata)
538 958 696 1000 famam
739 969 812 998 aut
865 961 1152 1000 narrationem
1192 960 1360 1002 fortass'e
1399 962 1579 1007 secutos,

155 1032 267 1075 quae
293 1018 345 1057 ad
372 1032 449 1057 nos
472 1019 630 1073 perlata
656 1031 744 1057 non
774 1015 841 1058 cst„
877 1015 931 1056 cs.
953 1017 1145 1072 Propcrt.
1166 1019 1219 1063 Π,
1246 1033 1276 1064 ι,
1301 1033 1362 1066 23.
1394 1020 1462 1063 IV,
1489 1034 1519 1058 1.
1539 1031 1581 1069 9.

153 1078 220 1118 ibi
251 1076 376 1129 Vulp.
404 1072 612 1133 J'ictcoque
652 1084 788 1113 terens
828 1073 1043 1120 dentalia,
1097 1084 1243 1114 ornate
1280 1089 1378 1128 pro:
1439 1089 1577 1115 arans.

150 1133 301 1188 virgil.
328 1132 537 1186 Georg.1‚
557 1133 622 1180 46.
691 1131 846 1191 Qufnti
878 1130 931 1170 se.
968 1139 1010 1169 et
1037 1141 1105 1177 tu,
1146 1132 1329 1172 Romam
1364 1130 1578 1173 arcessitus

152 1205 198 1232 es
218 1190 272 1230 ad
291 1189 513 1232 dictatoris
530 1202 691 1227 munus
705 1188 995 1235 ‘obeundum;
1020 1201 1088 1227 res
1112 1198 1212 1228 nota
1232 1202 1283 1228 ex
1301 1187 1397 1228 L'iv.
1418 1190 1489 1235 ΠΙ,
1512 1190 1575 1229 26.

237 1261 305 1295 74'.
336 1246 506 1296 crepida
540 1255 688 1300 aptum
721 1246 853 1298 epith.
888 1246 1064 1299 coniugi
1103 1244 1294 1292 sedulae,
1340 1248 1494 1286 marito
1530 1248 1578 1288 in

149 1303 374 1345 induenda
403 1313 515 1358 toga,
552 1316 684 1357 quam
712 1303 846 1343 domo
874 1302 1090 1356 adportari
1123 1302 1302 1348 iusserat,
1333 1301 1578 1344 festinanter

150 1375 326 1418 operam
359 1361 552 1401 nauanti.

238 1432 305 1465 75.
334 1433 436 1471 euge
456 1424 593 1464 poeta.
650 1415 825 1455 Plaudit
846 1428 921 1468 per
942 1418 1125 1454 ironiam
1146 1420 1299 1469 poetae
1322 1415 1392 1457 ista
1409 1417 1577 1456 ratione

150 1474 359 1516 instituto.
437 1474 604 1529 Opinio
646 1475 764 1512 enim
813 1483 902 1512 erat
940 1475 1070 1527 vulgo
1109 1483 1302 1525 recepta,
1353 1474 1379 1512 fi
1415 1470 1580 1513 omissis

152 1534 358 1574 omnibus
397 1532 687 1585 argumentis,
739 1542 850 1584 quae
896 1531 943 1568 in
989 1531 1216 1569 communi
1263 1529 1576 1569 consuetudine

148 1589 444 1635 versarentur,
476 1588 771 1642 omnibusque
801 1588 952 1632 rebus,
985 1598 1033 1626 vt
1065 1587 1295 1639 putabant,
1332 1587 1575 1626 humilibus

150 1663 173 1688 e
201 1646 340 1687 schola
374 1646 632 1689 eliminatis,
681 1643 950 1699 grauioribus
980 1643 1161 1684 subinde
1190 1644 1318 1683 rebus
1353 1654 1396 1684 et
1426 1643 1575 1682 arduis

146 1715 331 1746 manum
356 1701 640 1743 admouilsent
663 1703 812 1754 pueri,
842 1713 915 1740 eos
939 1707 1086 1756 poetas
1111 1713 1153 1741 et
1179 1712 1364 1741 oratores
1395 1713 1574 1756 magnos

150 1762 230 1802 ell'e
262 1759 474 1800 euasuros.
545 1759 705 1798 Ima-nm
743 1759 912 1812 itaque,
954 1772 1027 1796 rus
1047 1754 1250 1815 saturum
1274 1766 1355 1798 cet.
1394 1756 1576 1813 posuiffe

147 1818 324 1858 videtur
352 1816 491 1857 noster
516 1829 595 1870 pro
623 1822 889 1870 v'noquoque
919 1826 1172 1870 argumento
1198 1815 1378 1867 simplici
1410 1824 1453 1854 et
1482 1815 1575 1854 vul-

148 1877 262 1932 gari,
297 1877 425 1915 cuius
460 1873 717 1928 dignitatem
756 1881 899 1911 tamen
927 1887 1034 1919 v.73
1057 1871 1117 1926 sq,
1153 1871 1348 1911 ostendit.

233 1932 411 1979 76-84.
443 1932 506 1969 Ex
528 1929 721 1984 pluribus
745 1941 985 1975 anctorum,
1011 1930 1086 1985 qui
1109 1931 1221 1968 circa
1241 1939 1314 1968 aut
1330 1941 1421 1967 non
1444 1929 1571 1982 longe

145 1988 237 2047 post
268 1989 397 2030 Persii
426 1997 622 2042 tempora
653 1988 871 2031 vixerant,
910 1986 1018 2027 locis
1046 1986 1218 2025 abunde
1258 1984 1445 2031 constat,
1483 1998 1570 2024 ora-

144 2056 261 2089 tores
289 2056 333 2085 et
360 2050 508 2100 poetas
539 2044 728 2085 obsoleta
762 2057 812 2082 ex
842 2042 1017 2083 vetustis
1047 2049 1275 2098 poetarum
1303 2043 1570 2082 carminibus

142 2104 298 2149 verba,
340 2102 556 2142 dictiones
592 2111 635 2141 et
666 2101 989 2147 translationes,
1035 2114 1135 2139 cum
1171 2101 1380 2140 nouitatis
1416 2099 1568 2144 studio,

143 2170 241 2200 tum
281 2158 335 2199 ad
372 2159 593 2200 doctrinae
629 2157 979 2204 ostentationem,
1024 2157 1215 2212 captasse.
1267 2157 1451 2210 Quintil.
1476 2157 1506 2201 1,
1530 2157 1567 2196 6.

142 2218 329 2258 Martial.
348 2218 400 2262 X,
423 2231 485 2256 21.
525 2218 682 2266 X1‚91·.
724 2214 884 2259 Gell.1‚
911 2229 972 2255 10.
1050 2215 1194 2268 Quam
1236 2228 1350 2259 rem,
1402 2214 1568 2253 ratione

144 2274 325 2328 quidem
350 2283 394 2314 et
414 2272 549 2314 modo
569 2271 947 2325 circumscriptam,
978 2284 1068 2311 non
1093 2271 1344 2323 improbauit
1365 2271 1568 2310 Horatius

144 2331 275 2386 Epist.
296 2331 352 2376 ΙΙ,
371 2345 406 2370 z.
434 2330 613 2384 116.sqq.
663 2328 832 2368 Eodem
857 2331 969 2368 vitio
993 2337 1101 2370 tunc
1127 2328 1376 2368 labor-abant
1399 2327 1565 2367 Graeci.

142 2390 324 2428 Lucian.
363 2389 410 2427 in
441 2388 551 2428 rhet.
590 2399 729 2440 praec.
774 2386 827 2425 T.
846 2387 918 2428 111.
949 2400 991 2439 p.
1013 2391 1073 2427 18.
1113 2386 1178 2424 ed.
1208 2385 1329 2424 Reiz.
1375 2383 1429 2424 cf.
1454 2385 1565 2422 Plin.

142 2444 274 2500 Epist.
297 2446 330 2489 1,
352 2444 390 2485 6.
450 2444 549 2483 Hoc
578 2445 768 2484 nimium
797 2443 1064 2496 antiquitatis
1102 2442 1288 2481 studium
1313 2451 1355 2480 et
1391 2443 1569 2480 inanem

143 2503 191 2541 in
218 2501 438 2557 captandis
460 2501 603 2545 verbis
622 2499 769 2555 priscis
800 2509 842 2539 et
867 2500 1131 2540 dictionibus
1157 2498 1358 2538 obsoletis
1385 2497 1567 2538 adfecta-

143 2560 314 2600 tionem
338 2560 474 2613 carpit
493 2557 642 2598 Noster
665 2560 739 2603 ita,
755 2565 803 2596 vt
831 2571 881 2597 ex
902 2566 1074 2614 patrum
1101 2556 1351 2597 stolidorum
1373 2554 1566 2610 persona.

144 2614 258 2664 filios
286 2615 384 2659 suos
413 2617 716 2662 monentium,
745 2624 896 2671 pergat
