1685 2995
205 162 301 204 130
693 156 1116 193 COMMENTARlvs

203 269 281 310 effe
309 268 353 308 h.
372 268 399 307 l.
435 265 620 306 videtur.
661 263 804 316 vigila
830 261 906 302 est:
944 262 1126 306 adtende
1155 267 1353 308 animum
1379 269 1433 308 ad
1459 272 1619 317 omnia,

203 326 361 380 quibus
393 322 505 362 effici
540 320 684 376 possit,
730 329 778 358 vt
813 321 859 358 in
898 333 969 359 ore
1005 321 1238 362 hominum
1269 326 1338 372 fis3
1384 327 1467 365 hoc
1500 330 1619 367 enim

204 383 364 427 solum,
401 391 449 419 vt
480 393 529 419 cx
555 378 668 433 seqq.
702 376 897 430 adparet,
939 378 985 415 in
1021 379 1134 417 votis
1167 391 1266 420 erat.
1324 383 1504 422 Interim
1530 398 1619 424 non

205 438 371 494 possum
399 450 490 476 non
523 435 671 480 fateri,
700 434 811 472 mihi
841 433 926 472 hoc
951 435 1134 473 verbnm
1168 445 1254 475 tam
1282 438 1396 477 nude
1434 442 1619 492 positum

207 496 457 550 displicere;
510 492 649 532 forsan
684 504 772 530 non
813 490 1040 529 absurdum
1078 492 1155 536 est,
1200 494 1254 532 ita
1288 494 1449 548 legere:
1499 512 1620 550 quem

209 554 330 593 ducit
358 552 548 590 hiantem
568 550 752 590 Cretam
782 547 960 586 ambitio
991 556 1032 585 et
1068 550 1296 600 vigilans?
1332 553 1442 590 cicer
1477 554 1623 603 ingere

208 611 333 660 large
357 616 436 646 cet.
475 608 599 651 cicer,
628 600 796 644 missilia
819 604 1032 657 intelligas
1053 608 1193 644 omnis
1223 610 1403 660 generis,
1437 623 1623 662 quorum

210 665 324 720 apud
363 665 538 704 Sueton.
578 661 778 716 frequens
818 662 1007 707 mentio,
1064 676 1333 717 quorumque
1375 664 1624 705 vilissimum

209 721 359 763 Noster
391 719 558 774 posuit;
608 731 708 758 narn
749 718 860 756 cicer
901 717 1077 756 frictum
1116 720 1311 771 plebeius
1359 731 1445 760 erat
1488 724 1624 762 cibus.

211 781 360 820 Horat.
388 780 433 817 in
453 778 553 818 Arte
581 789 670 824 249.
706 774 790 812 Sat.
813 774 844 818 Ι,
866 773 903 818 6,
932 788 1019 819 ιις.
1082 775 1348 816 Huiusmodi
1375 776 1557 824 missilia,
1584 791 1628 820 et

213 835 391 891 quidem
423 834 603 873 lautiora
637 833 791 880 etiam,
829 830 1130 884 spargebantur
1170 847 1340 889 quoque
1377 848 1397 872 a
1432 838 1624 888 priuatis.

211 892 396 933 Martial.
415 890 519 936 VIII,
551 902 617 937 79,
646 902 666 937 7
687 886 775 942 sqq.
847 887 1082 941 Splendida
1119 900 1239 928 erant
1279 890 1442 931 missilia
1461 922 1471 937 ‚
1519 894 1653 945 quae'

214 949 416 988 describit
433 947 535 986 Stat.
555 946 659 984 Silv.
682 945 713 990 I,
735 949 773 987 o,
797 955 818 991 9
838 941 926 998 sqq.
960 944 1033 982 vbi
1057 959 1095 984 ν.
1116 946 1260 984 Barth.
1291 947 1345 985 cf.
1369 948 1551 1003 Buleng.
1575 950 1628 988 de

215 1007 342 1047 Circo
365 1005 491 1044 Rom.
524 1017 558 1042 c.
581 1015 641 1049 54.
675 1001 721 1038 in
745 999 871 1038 Thes.
895 1001 1026 1056 antiq.
1055 1001 1180 1041 Rom.
1213 1003 1265 1041 T.
1280 1005 1347 1043 IX.
1381 1018 1531 1058 Ῑ).7ι9.

276 1066 393 1108 ιι73.
423 1060 615 1100 Rimanti
644 1056 836 1109 populo,
874 1066 921 1094 vt
957 1056 1009 1095 fit
1041 1058 1085 1095 in
1122 1060 1397 1105 muneribus,
1443 1075 1550 1115 quae
1584 1063 1630 1100 in

215 1119 443 1176 publicum
471 1115 600 1169 sparsa
629 1113 739 1160 sunt,
770 1113 1023 1165 diripiendis
1051 1124 1091 1153 et
1115 1117 1396 1170 conligendis.
1432 1119 1632 1158 Floralia

218 1176 329 1216 sacra
360 1184 478 1214 erant
504 1173 550 1210 in
580 1172 792 1211 honorem
824 1170 969 1208 Florae
1002 1184 1099 1210 eum
1130 1170 1294 1214 summa
1322 1173 1492 1212 lasciuia
1526 1177 1634 1215 cele-

217 1235 348 1272 brata.
407 1228 654 1270 Scholiastes
678 1236 800 1266 vetus
827 1226 879 1264 ad
899 1228 1044 1266 Horat.
1077 1228 1159 1266 Sat.
1184 1230 1229 1275 ΙΙ,
1262 1245 1293 1276 ς,
1327 1239 1412 1269 ιδῑ.
1448 1245 1632 1271 comme·

218 1297 384 1334 morat,
415 1288 614 1339 antiquos
652 1284 808 1324 aediles
840 1285 974 1330 cicer,
1014 1283 1130 1324 fabas
1165 1287 1350 1341 aliasque
1381 1288 1634 1327 huiusmodi

220 1361 288 1387 res
308 1346 472 1399 populo
496 1343 738 1382 Floralibus
764 1341 960 1394 spa1·[iffe;
994 1343 1187 1380 eamdem
1216 1358 1307 1383 rem
1336 1356 1475 1384 narrat
1505 1345 1634 1384 Scho—

221 1402 356 1442 liastes
375 1401 526 1446 Persii,
568 1398 641 1438 sed-
665 1400 849 1443 omittit,
888 1413 909 1437 a
941 1399 1096 1452 quibus
1124 1399 1291 1439 missilia
1325 1399 1632 1456 spargerentur.

222 1460 272 1499 Id
302 1459 462 1497 factum
493 1455 585 1501 effe,
616 1454 748 1498 addit,
781 1464 833 1492 vt
860 1455 989 1494 tellus
1017 1456 1138 1494 velut
1159 1458 1399 1496 muneribus
1417 1454 1516 1518 suis
1539 1459 1635 1511 pla-

224 1524 409 1555 caretur.
465 1512 676 1553 Eamzlem
714 1510 1072 1551 consuetudinem
1107 1512 1181 1551 sub
1217 1514 1546 1568 Imperatoribus
1573 1529 1635 1554 re-

223 1582 389 1613 tentam
418 1569 510 1615 effe,
541 1569 764 1621 probabile
797 1567 864 1607 est.
923 1570 987 1608 Dc
1009 1569 1243 1608 Floralibus
1267 1572 1360 1624 lege
1381 1572 1509 1611 Ovid.
1534 1571 1634 1611 Fast.

223 1630 273 1675 V,
305 1642 380 1678 279
402 1628 486 1682 sqq.
528 1637 571 1665 et
608 1639 713 1680 quae
743 1626 923 1678 Ruperti
964 1625 1106 1665 laudat
1143 1627 1195 1664 ad
1230 1629 1418 1671 Iuvenal.
1442 1629 1508 1674 V1‚
1546 1642 1634 1679 249.

224 1684 390 1744 noslra,
421 1697 605 1739 quorum
630 1682 858 1721 celebratio
881 1681 1039 1722 nostrae
1076 1697 1199 1722 curae
1231 1684 1483 1724 demandata
1509 1685 1578 1724 est.

313 1755 400 1791 179.
427 1741 580 1793 Aprici
599 1736 826 1797 meminiffe
838 1734 981 1797 fimes.
1024 1740 1200 1779 Sensus:
1235 1753 1283 1780 vt
1311 1742 1385 1780 diu
1405 1742 1638 1781 Floralium

223 1798 466 1838 nostrorum
493 1798 701 1836 memoria
736 1805 909 1849 propter
945 1796 1160 1836 donorum
1193 1799 1524 1853 amplitudinem
1563 1797 1638 1837 sci-

221 1856 327 1895 licet
354 1856 482 1906 (cicer
515 1854 677 1893 etenim
706 1861 792 1890 erat
818 1851 1021 1906 sparsum)
1056 1852 1256 1893 seruetur.
1307 1858 1449 1907 aprici
1480 1854 1638 1908 spectat

225 1912 280 1952 ad
310 1913 618 1964 apricationem
655 1908 798 1948 senilis
832 1912 992 1948 aetatis.
1043 1909 1131 1949 Cic.
1163 1910 1213 1950 de
1244 1911 1491 1951 Senect.16.
1533 1913 1640 1965 quid

224 1970 482 2022 palam-sm?
523 1965 575 2006 sc.
612 1981 740 2021 quarn
775 1969 936 2021 populo
972 1967 1170 2021 placuiss'e
1203 1977 1246 2008 et
1271 1969 1318 2007 in
1353 1969 1639 2008 admiratione

225 2028 444 2080 gratiaque
473 2023 584 2064 esse?
1272 2068 1281 2081 ·

318 2087 407 2121 180.
438 2085 498 2123 At
525 2095 650 2135 quum
672 2081 868 2119 IIerodis
897 2093 1050 2118 venere
1079 2081 1172 2119 dies
1203 2089 1282 2120 cet.
1342 2080 1638 2121 Nihilominus

226 2149 372 2178 tamen
393 2139 521 2178 miser
542 2151 599 2183 es,
633 2147 757 2191 atque
780 2136 1005 2176 deterrima
1028 2134 1234 2176 seruitute
1254 2140 1472 2191 premeris,
1497 2137 1639 2192 super-

226 2195 411 2235 stitione.
468 2195 586 2235 Bella
614 2193 837 2241 diuturna,
869 2194 1197 2246 prouinciarum
1227 2193 1479 2234 vastationes
1510 2204 1552 2233 et
1577 2196 1639 2234 di-

223 2254 466 2305 reptiones,
510 2251 687 2290 vrbium
723 2247 1074 2303 ampliffimarum
1116 2252 1352 2290 euersiones
1393 2262 1436 2291 et
1473 2252 1639 2291 excidia

225 2311 422 2364 ingentes
444 2308 618 2347 diuitias
638 2307 820 2347 Romam
843 2305 1153 2360 congesserant3
1187 2308 1288 2346 inde
1316 2309 1440 2347 luxus
1468 2319 1509 2347 et
1534 2310 1640 2347 mol·

224 2366 339 2404 laities
372 2375 482 2411 orta,
524 2378 607 2419 qua
638 2366 827 2418 corporis
858 2372 900 2402 et
925 2364 1059 2402 animi
1094 2366 1207 2404 vires
1241 2364 1566 2418 franget-antur,
1596 2374 1639 2403 et

224 2424 338 2461 inter
382 2424 546 2477 reliqua
585 2421 718 2467 mala,
770 2421 926 2475 quibus
967 2422 1117 2460 ciuitas
1158 2422 1352 2460 Romana
1388 2420 1638 2461 labefactata

224 2480 400 2519 tandem
438 2478 631 2525 conruit,
678 2478 807 2519 etiam
839 2477 980 2516 omnis
1019 2479 1188 2530 generis
1227 2476 1537 2532 superstitioni,
1564 2480 1637 2533 min

224 2546 313 2574 tarn
346 2538 508 2576 incerto
542 2537 658 2574 vitae
693 2544 735 2573 et
755 2548 897 2576 rerum
931 2536 1126 2574 omniurn
1159 2534 1284 2580 statu,
1321 2536 1364 2574 in
1392 2543 1457 2574 tot
1490 2535 1635 2574 tantis-

223 2606 307 2646 que
334 2594 560 2646 periculis,
601 2604 711 2646 quae
747 2592 817 2632 vel
849 2591 1048 2635 aderant,
1093 2593 1163 2631 vel
1194 2592 1528 2638 minitabantur,
1565 2593 1636 2631 via

221 2652 391 2689 munita
419 2650 487 2694 est,
519 2650 641 2688 cuius
664 2650 706 2686 h.
725 2648 751 2687 1.
781 2644 1065 2703 vulgatissima
1095 2661 1268 2702 genera,
1301 2661 1408 2701 quae
1441 2662 1465 2688 e
1494 2649 1634 2688 Palae-

217 2704 321 2745 stina
350 2715 392 2746 et
412 2706 604 2761 Aegypto
626 2706 810 2745 Romam
833 2706 1084 2759 migrarunt,
1118 2704 1205 2745 duo
1228 2715 1632 2751 commemorantur,
