1685 2995
653 102 857 182 suma
893 131 953 181 V.
1460 151 1516 197 53

81 263 216 302 Ocius
248 258 299 298 ad
334 269 506 295 nauem.
535 255 649 294 nihil
679 252 834 298 obstat,
863 253 973 308 quin
1008 254 1122 293 trabe
1151 254 1262 296 vasta
1313 248 1320 252 ⁷

79 338 296 391 Aegaeum
326 334 488 388 rapias,
533 332 607 369 nili
642 328 786 368 sollers
819 328 987 368 luxuria
1015 340 1113 369 ante

79 411 318 452 Seductnm
351 416 547 448 moneat:
585 406 685 458 Quo
722 404 880 444 deiude
909 403 1056 445 insane
1081 404 1203 444 ruis?
1243 406 1362 461 quo?

78 485 198 541 Quid
227 485 307 524 tibi
334 483 430 523 vis?
471 481 610 522 calido
643 480 720 519 snb
750 489 925 535 pectore
953 478 1139 519 mascula
1171 481 1272 520 bilis

74 561 312 606 Intumuit,
344 572 474 614 quam
508 570 598 596 non
628 555 868 596 exstinxerit
900 568 1006 594 vrna
1034 556 1234 598 cicutae?
1436 569 1510 609 ¹45

75 638 179 677 'l'un
207 649 321 677 mare
354 631 610 676 transsilias?
642 632 723 672 tibi
756 639 864 671 torta
897 631 1089 670 cannabe
1116 629 1242 677 fulto,

75 713 222 752 Coena
258 713 305 749 lit
335 712 380 748 in
409 707 614 749 transtro?
662 708 1040 761 Veientanumque
1071 707 1288 748 rubellum

72 788 254 827 Exhalet
280 784 437 839 vapida
466 783 626 822 laesum
657 783 755 838 pice
787 781 917 821 lislilis
951 782 1096 822 obba?

72 862 193 916 Quid
225 860 370 914 petis?
427 869 475 898 vt
509 860 658 905 numi,
691 871 800 912 quos
830 858 903 897 hic
931 859 1180 913 quincunce
1210 856 1401 899 modeste

70 939 315 983 Nuffleras,
356 944 535 990 pergant
560 934 712 974 auidos
739 932 889 973 sudare
918 933 1142 974 deunces‘?
1360 947 1362 950 ’
1431 933 1513 984 155³v

69 1014 256 1068 Indulge
288 1013 441 1066 genio,
486 1023 710 1066 carpamus
743 1009 910 1050 dulcia:
962 1009 1151 1051 nostrum
1184 1008 1254 1056 est,

71 1089 206 1144 Quod
243 1090 380 1127 vinis:
438 1089 549 1126 cinis
585 1097 627 1126 et
663 1099 812 1125 manes
845 1095 888 1124 et
919 1086 1065 1125 fabula
1100 1085 1188 1126 fies.

67 1166 179 1206 Viue
205 1178 372 1209 mentor
390 1164 479 1203 leti.
506 1161 619 1217 sugit
642 1164 768 1202 hora:
811 1163 919 1208 hoc,
950 1162 1069 1216 quod
1092 1163 1268 1216 loquor,
1299 1160 1402 1200 inde
1434 1161 1504 1202 est.

123 1241 190 1280 En
222 1239 330 1295 quid
367 1239 487 1293 agis?
521 1239 685 1292 duplici
714 1239 759 1277 in
798 1236 1018 1278 diuersum
1051 1236 1257 1278 scindens
1286 1239 1438 1277 hamo:

70 1317 318 1361 Hunccine,
348 1328 400 1354 an
422 1316 542 1354 hunc
563 1313 783 1369 sequeris?
822 1313 971 1353 subeas
990 1314 1178 1353 alternus
1203 1324 1372 1368 oportet
1428 1329 1501 1366 155

67 1392 262 1447 Ancipiti
295 1389 500 1446 obsequio
530 1390 757 1437 dominos;
800 1392 987 1431 alternus
1019 1390 1203 1430 oberres.

69 1468 164 1509 Nec
191 1477 260 1513 tu,
293 1480 429 1522 quum
458 1465 668 1506 obstiteris
697 1465 856 1512 semel,
895 1465 1155 1521 instantique
1184 1467 1354 1523 negaris

69 1543 220 1584 Parere
252 1542 462 1596 imperio,
501 1542 620 1596 Rupi
649 1543 736 1581 iam
773 1543 971 1588 vincula,
1011 1541 1143 1582 dicas.

69 1618 183 1658 Nam
218 1627 260 1657 et
287 1614 446 1658 luctata*
476 1619 593 1657 canis
626 1616 795 1659 nodum
825 1618 1005 1672 abripit:
1056 1626 1246 1657 attamen
1273 1616 1352 1663 illi,

69 1695 222 1750 Quum
249 1692 387 1748 fugit,
433 1708 453 1734 a
486 1694 596 1733 collo
629 1695 808 1733 trahitur
836 1706 930 1747 pars
960 1694 1089 1748 longa
1115 1703 1306 1733 catenae.
1425 1692 1503 1734 160

119 1771 266 1816 Daue,
306 1770 416 1814 cito,
444 1769 530 1808 hoc
562 1767 709 1809 credas
741 1769 898 1814 iubeo,
931 1768 1056 1809 finire
1085 1769 1254 1809 dolores

65 1846 323 1886 Praeteritos
354 1843 556 1884 meditor.
601 1843 805 1895 (crudum
833 1844 1145 1885 Chaerestratus
1173 1856 1367 1900 vnguem

69 1920 291 1962 Abrodens
321 1920 381 1959 ait
410 1920 551 1972 haec.)
595 1934 649 1960 an
677 1921 792 1960 liceis
822 1919 1011 1961 dedecus
1039 1919 1200 1963 obstem

68 1996 310 2052 Cognatis‘?
349 2009 402 2037 an
428 2009 518 2036 rem
547 1998 730 2052 patriam
759 2009 937 2037 rumore
967 1995 1125 2036 sinistro

69 2074 228 2112 Limen
253 2071 305 2111 ad
338 2070 604 2112 obscoenum
629 2071 846 2127 frangam,
879 2072 985 2112 dum
1013 2071 1229 2125 Chrysidis
1255 2071 1364 2113 vdas
1423 2071 1497 2122 165

67 2148 224 2188 Ebrius
256 2156 354 2187 ante
386 2146 499 2187 fores
531 2147 731 2188 exstincta
764 2161 864 2188 curn
892 2146 984 2187 face
1020 2147 1179 2191 canto?

71 2224 254 2279 ‘-‘Euge‚
283 2236 415 2279 puer,
448 2220 605 2276 sapias:
643 2224 708 2263 dis
739 2223 1056 2280 depellentibus
1092 2237 1250 2278 agnam

69 2299 297 2340 Percute.”
355 2298 439 2339 Sed
470 2297 629 2339 censen
655 2300 864 2354 plorabit,
897 2301 1044 2345 Daue,
1068 2298 1249 2340 relicta?

71 2376 324 2431 “Nugarisx
359 2372 471 2414 solea
499 2388 607 2428 puer
637 2375 921 2431 obiurgabere
954 2377 1100 2416 rubra.

72 2451 140 2494 Ne
177 2451 388 2506 trepidare
417 2451 549 2497 velis,
581 2460 708 2507 atque
746 2462 883 2492 arctos
913 2451 1066 2492 rodere
1100 2449 1244 2490 casses.
1425 2458 1503 2496 179

74 2527 207 2569 Nunc
230 2526 346 2568 ferus
369 2536 411 2566 et
431 2525 626 2565 violens:
658 2536 722 2571 at,
757 2527 784 2569 fi
806 2536 958 2573 vocet,
990 2525 1107 2567 haud
1130 2539 1248 2567 mora
1263 2553 1273 2570 ‚
1304 2522 1434 2569 dicas,

78 2601 302 2656 Quidnam
319 2603 452 2661 igitur
469 2600 659 2649 faciam?
689 2615 745 2642 ne
761 2616 892 2650 nunc,
923 2616 1061 2659 quur-n
1082 2600 1275 2642 adeersor
1288 2628 1300 2645 ,
1329 2609 1373 2640 et
1394 2597 1505 2638 vitro
