1685 2995
201 169 293 223 146
691 178 1119 213 commmmmvs

197 287 300 328 fast.
313 288 362 335 V,
389 284 564 341 145sqq.
622 286 704 326 Per
733 287 913 341 genium
943 286 1067 326 ducis
1092 286 1280 328 Romani
1306 288 1521 337 iurabant,
1551 288 1628 330 Ca-

196 346 444 401 ligulacque
469 342 665 398 superbia
698 355 740 383 et
769 342 971 383 vecordia
1001 353 1117 383 tanta
1149 356 1260 391 erat,
1300 356 1350 385 vt
1379 360 1508 393 eum,
1551 350 1628 402 qui

198 414 441 457 numquam
479 413 555 455 per
582 402 761 455 genium
801 399 926 440 [uum
956 399 1194 448 deierass'et,
1236 411 1376 442 morte
1408 405 1628 458 plecteret..

201 462 379 500 Sueton.
404 458 539 512 Calig.
564 472 626 504 ²7-
660 457 715 497 cf.
740 457 940 497 Schwarz
966 457 1019 496 ad
1040 458 1149 497 Plin.
1173 471 1324 514 paneg.
1345 460 1432 499 LII.
1464 470 1630 501 centum

200 519 330 571 paria
375 515 428 556 sc.
471 513 769 570 gladiatorum.
830 514 978 554 Horat.
1012 515 1098 554 Sat.
1133 515 1183 560 11,
1223 529 1257 563 3.
1294 521 1341 564 ὃς
1365 516 1453 571 sqq.
1507 518 1627 558 Suet.

202 572 356 614 Claud.
381 586 444 622 34.
511 571 679 611 Priuati
708 583 882 626 quoque
911 570 990 609 sub
1029 573 1361 626 Imperatoribus
1392 571 1633 627 spectacula

203 631 391 672 edebant
422 629 586 684 populo
621 638 663 668 et
693 631 886 667 num'era.
934 628 1124 668 Iuvenal.
1148 629 1221 673 ΙΙΙ,
1246 629 1397 684 34qu.
1440 630 1630 670 Martial.

202 689 274 735 ΙΙΙ,
302 689 364 726 ¹6.
432 686 522 725 Sub
548 685 728 726 Tiberio
755 686 808 724 iis
840 693 1009 724 tantum
1037 687 1082 724 id
1112 687 1259 732 licuit,
1295 688 1455 742 quibus
1484 687 1631 728 saltem

200 743 618 801 quadringentorum
658 743 849 782 millium
889 755 955 781 res
986 742 1098 782 effet.
1151 743 1291 782 Tacit.
1328 744 1442 783 Aun.
1471 744 1538 790 IV,
1561 746 1629 792 63.

199 800 422 842 Interdum
451 800 537 840 hoc
571 800 639 839 ius
670 799 852 838 honoris
890 798 1014 839 causa
1050 800 1181 838 alicui
1211 799 1404 841 dabatur.
1449 801 1628 842 Sueton.

201 858 354 900 Claud.
376 861 440 896 28.
480 857 531 896 ob
563 871 630 896 res
656 865 736 896 cet.
783 857 923 895 ironia
955 854 1230 896 acerbissima.

285 928 353 967 49.
386 915 483 968 quis
510 914 666 953 vetat?
697 912 753 953 sc.
780 921 951 953 tantum
974 927 1046 952 me
1072 913 1289 953 insumere
1312 913 1359 952 in
1382 913 1633 954 celebratio-

200 985 303 1012 nem
339 971 596 1010 huiusmodi
630 969 744 1015 diei,
789 981 1004 1024 quantum
1044 971 1156 1009 mihi
1193 971 1325 1010 lubet.
1393 971 1634 1011 Praeuertit

199 1031 283 1069 hac
304 1029 641 1083 interrogatione
662 1027 868 1066 heredem
900 1027 1029 1066 vultu
1059 1025 1383 1082 fignificantem‚
1411 1027 1487 1067 fibi
1515 1028 1634 1068 illam

199 1086 500 1126 liberalitatem
528 1086 714 1124 minime
748 1086 932 1139 placere.
967 1083 1092 1123 aude.
1137 1083 1322 1124 ostendit
1349 1084 1458 1132 hoc,
1503 1098 1635 1140 quam

198 1143 399 1184 audacter
428 1155 542 1182 cum
572 1141 732 1180 herede
763 1141 837 1181 suo
861 1151 1034 1180 acturus
1068 1139 1178 1180 effet.

289 1214 351 1248 50.
391 1199 512 1245 Vae,
540 1196 619 1257 nfi
645 1197 873 1238 conuiuas!
910 1198 1055 1236 Minas
1084 1199 1169 1237 iam
1202 1198 1375 1243 adiicit,
1404 1195 1446 1236 se
1467 1199 1635 1238 maiore

201 1257 430 1312 largitione
469 1252 673 1302 vsurum‚
733 1257 811 1294 nisi
854 1254 899 1294 id
940 1254 1063 1295 heres
1104 1268 1242 1310 aequo
1281 1256 1427 1295 animo
1464 1254 1634 1294 tulffss'et.

197 1315 348 1355 oleum.
410 1313 544 1366 Saepe
583 1314 731 1352 oleum
767 1312 1050 1351 distributum
1088 1311 1169 1351 effe
1207 1313 1259 1352 ab
1295 1312 1635 1366 Imperatoribun

196 1372 387 1427 populo,
429 1371 537 1425 quin
579 1370 716 1423 equiti
753 1381 795 1409 et
828 1368 995 1408 senatui
1027 1371 1075 1408 iu
1103 1368 1313 1424 gymnasii
1344 1367 1469 1410 vsum
1502 1370 1635 1424 gratis

199 1429 460 1485 praebitum,
492 1437 649 1467 notum
677 1426 733 1464 est
765 1440 814 1465 ex
837 1427 1013 1466 sueton.
1046 1425 1164 1466 Caes.
1185 1431 1247 1474 38.
1276 1426 1375 1465 Ner.
1399 1439 1460 1466 ιι.
1492 1427 1633 1466 Tacit.

200 1489 312 1527 Ann.
335 1485 441 1528 XIV,
461 1497 527 1532 47.
586 1483 750 1522 Eadem
778 1484 1034 1523 liberalitate
1068 1484 1223 1523 licebat
1253 1483 1435 1538 priuatis
1464 1485 1528 1523 vti
1558 1481 1634 1523 sub

199 1541 534 1598 Imperatoribus
575 1541 621 1578 in
660 1540 853 1594 ipsorum
899 1542 1127 1580 honorem.
1178 1548 1427 1587 artocreas,
1480 1539 1636 1580 ferculi

201 1612 340 1656 genus
372 1613 423 1638 ex
451 1610 563 1650 pane
594 1609 635 1637 et
665 1611 793 1637 carne
822 1597 1087 1644 confectum,
1121 1598 1304 1637 omnino
1334 1610 1436 1649 pro:
1471 1598 1632 1651 epulas.

203 1660 275 1698 Sic
305 1656 538 1695 Lar-nutius
571 1655 722 1697 Stella,
761 1660 888 1709 poeta
918 1655 1178 1701 Patauium,
1210 1654 1454 1694 Domitiani
1480 1657 1634 1694 trium-

203 1716 342 1770 phum
371 1713 484 1752 ludis
513 1711 844 1766 exquilitil'stmis
875 1711 1089 1766 donisque
1115 1723 1158 1751 et
1185 1711 1441 1752 muneribus
1470 1712 1636 1767 populo

203 1773 313 1813 datis
346 1770 594 1810 celebrauit.
637 1769 820 1807 Mat-nal.
844 1769 950 1815 Vm,
976 1783 996 1815 7
1033 1799 1042 1808 .

290 1842 354 1877 51.
387 1842 442 1866 an
473 1827 711 1879 prohibes?
744 1825 887 1866 rursus
918 1824 1043 1864 instat
1069 1824 1232 1863 heredi.
1264 1824 1338 1864 dic
1368 1824 1498 1865 clare.
1531 1838 1635 1865 con—

199 1885 310 1925 stans
335 1894 378 1924 et
398 1883 544 1922 firmus
565 1882 771 1922 testatoris
795 1883 965 1923 animus
985 1881 1191 1921 heredem
1209 1882 1473 1935 perculerat3
1499 1881 1635 1923 nescit

200 1944 286 1989 ille,
314 1940 421 1996 quid
445 1940 714 1994 respondeat,
744 1950 787 1979 et
805 1939 984 1979 muffare
1007 1947 1178 1978 tantum
1203 1938 1347 1978 audet.
1397 1940 1499 1978 IVon
1523 1939 1635 1981 adeo

200 1999 257 2040 fc.
281 1999 566 2038 hereditatem
595 2008 729 2036 tuam.
789 1998 885 2036 Hoc
913 1996 1111 2051 subplere
1136 1993 1315 2034 suadent
1344 1993 1576 2049 sequentia.

293 2071 356 2099 52-
392 2051 634 2113 Excffzt7zs
665 2068 770 2107 ager
806 2055 934 2094 iuxta
976 2052 1047 2111 eft.
1114 2050 1356 2112 Exlffatus
1392 2052 1450 2092 est
1485 2053 1575 2093 h.l.
1610 2067 1635 2092 a

199 2113 420 2168 lapidibus
458 2122 690 2166 purgatum
739 2111 902 2165 lapides
941 2105 1061 2149 euim
1092 2110 1205 2165 quali
1236 2110 1320 2149 oss'a
1347 2119 1483 2150 terrae
1518 2109 1631 2151 sunt.

202 2169 335 2213 Ovid.
359 2169 465 2208 Met.
487 2169 519 2213 I,
542 2181 634 2218 390.
695 2168 1007 2223 Intelligendus
1033 2167 1164 2222 igitur
1192 2166 1248 2206 est
1275 2179 1375 2222 ager
1402 2167 1636 2222 diligenter

202 2228 345 2268 cultus
376 2238 420 2267 et
440 2224 730 2270 suburbanus,
759 2225 880 2280 quod
902 2224 1111 2280 posterius
1138 2224 1358 2265 indicatur
1385 2237 1461 2278 per
1492 2226 1633 2264 iuxta.

202 2285 383 2324 Sensus:
424 2283 513 2322 Sub
540 2283 621 2322 hac
653 2281 932 2329 conditione,
970 2293 1021 2322 vt
1050 2293 1202 2322 omnes
1241 2292 1335 2321 tuas
1365 2279 1635 2336 profusiones

202 2354 342 2397 aequo
374 2341 523 2380 animo
552 2338 706 2383 feram,
744 2338 1030 2380 hereditatem
1057 2349 1177 2378 tuam
1206 2338 1325 2379 adire
1354 2339 1482 2386 n0103
1522 2338 1637 2378 adest

200 2400 323 2439 enim
363 2412 462 2454 ager
491 2398 625 2451 probe
667 2397 808 2437 cuitus
839 2396 892 2435 ad
929 2398 1046 2435 vitae
1082 2393 1348 2436 necessitates
1387 2397 1503 2436 mihi
1537 2394 1635 2435 sub·

200 2456 366 2497 ficiem.
438 2454 644 2494 Moriaris
681 2454 767 2494 fine
811 2453 992 2500 herede,
1037 2455 1114 2508 qui
1150 2452 1316 2494 iudicio
1348 2463 1428 2495 tuo
1463 2453 1636 2508 generis

201 2515 411 2570 dignitate
454 2509 726 2566 respondeat.

290 2569 468 2619 52—56.
504 2568 550 2608 Si
573 2581 704 2609 nemo
735 2566 1109 2621 consanguinitate
1140 2575 1184 2605 et
1206 2565 1426 2606 adfinitate
1457 2578 1634 2606 mecum

200 2630 462 2668 coniunctus
487 2627 574 2665 iam
599 2624 795 2677 superest,
821 2623 1045 2679 subiungit
1063 2622 1234 2670 Noster,
1266 2625 1344 2679 qui
1364 2623 1487 2662 heres
1509 2635 1634 2662 meus

199 2685 287 2723 fieri
310 2680 449 2739 possit,
473 2691 618 2723 tamen
640 2682 693 2722 de
716 2681 876 2722 herede
900 2694 990 2721 non
1019 2680 1076 2721 est
1100 2681 1219 2736 quod
1242 2681 1460 2728 labote1n3
1493 2678 1635 2720 statim
