1685 2995
615 150 804 184 snum
851 136 934 184 111.
1432 159 1490 200 43

59 261 235 315 Aegroti
266 259 425 297 veteris
456 258 715 298 meditantes
749 255 938 304 somnia,
969 259 1090 312 gigni

63 338 129 376 De
156 336 295 375 nihilo
327 334 461 378 nihil,
505 336 549 372 in
581 335 772 373 nihilum
806 335 868 373 nil
901 335 1013 389 polle
1043 338 1215 375 reverti.

63 411 162 452 Iloc
181 410 250 456 est,
279 409 398 464 quod
419 411 584 464 palles?
619 423 693 449 cur
713 411 807 465 quis
826 423 915 449 non
938 410 1156 464 prandeat,
1187 411 1273 451 hoc
1293 412 1382 453 est?
1441 420 1487 465 ὃς

63 488 145 528 His
174 488 362 542 populus
392 487 527 525 ridet:
559 486 838 539 ulultl'lnlque
867 485 1004 525 torosa
1034 489 1243 528 iuuentus

63 563 308 617 Ingeminat
341 562 546 601 tremulos
578 561 678 600 naso
711 561 921 613 crispante
952 563 1200 603 cachinnos.

122 637 314 693 Inspice:
347 636 489 676 nescio
520 636 626 689 qnid
658 635 841 689 trepidat
873 637 982 675 mihi
1017 649 1192 692 pectus,
1224 650 1267 681 et
1293 646 1430 698 aegris

62 717 281 756 Faucibus
310 713 530 769 exsuperat
558 715 700 766 grauis
730 713 912 752 halitus:
945 710 1106 765 inspice
1135 715 1271 764 sodes,

65 792 156 845 Qui
186 791 294 830 dicit
325 789 522 833 medico,
555 778 683 828 iuss'us
713 786 1002 841 requiescere,
1033 789 1258 847 postquam
1443 807 1495 845 90

65 867 213 906 Tertia
241 865 493 920 compositas
525 864 636 903 vidit
664 878 750 904 nox
781 877 947 904 currere
975 880 1123 913 venas,

64 943 132 985 De
163 944 327 982 maiore
359 941 491 982 domo
523 940 697 980 modice
727 943 892 982 sitiente
921 942 1070 997 lagena

64 1021 201 1060 Lenia
231 1020 374 1058 loturo
406 1019 480 1057 libi
511 1018 764 1058 Surrentina
794 1017 978 1070 rogauit.

67 1095 186 1135 Heus
217 1093 356 1137 bone,
390 1101 437 1131 tu
465 1092 609 1147 palles.
653 1093 812 1132 “Nihil
842 1090 938 1130 est.”
979 1090 1133 1132 Videas
1153 1103 1298 1135 tamen
1321 1097 1443 1147 istud,

68 1169 300 1225 Quidquid
332 1168 377 1207 id
408 1166 485 1208 est:
516 1165 650 1222 surgit
677 1169 807 1208 tacite
840 1168 921 1207 tibi
948 1169 1064 1208 lutea
1092 1173 1230 1223 pellis.
1445 1192 1494 1231 95

68 1246 159 1287 “At
187 1255 236 1284 tu
262 1245 451 1287 deterius
482 1247 636 1301 palles:
664 1259 718 1285 ne
750 1247 798 1285 fis
824 1246 936 1285 mihi
964 1255 1104 1287 tutor:

67 1323 162 1364 lam*
193 1322 365 1376 pridem
394 1324 514 1362 hunc
547 1323 700 1378 sepeli:
732 1334 777 1364 tu
806 1322 971 1363 restas.'’
1016 1324 1174 1377 Perge,
1205 1327 1371 1368 tacebo.

68 1397 289 1452 Turgidus
318 1399 391 1439 hic
430 1399 568 1454 epulis
610 1410 739 1454 atque
778 1399 875 1438 albo
916 1409 1068 1439 ventre
1102 1400 1280 1447 lauatur‚

70 1473 255 1514 Gutture
287 1472 492 1513 sulfureas
522 1474 637 1512 lente
667 1475 891 1516 exhalante
928 1477 1157 1532 mephites.

69 1549 155 1590 Sed
187 1559 347 1591 tremor
379 1554 492 1591 inter
519 1554 621 1592 vina
653 1551 788 1600 subit,
818 1551 1097 1608 calidumque
1127 1553 1301 1593 triental
1424 1565 1501 1593 100

69 1628 245 1668 Excutit
274 1641 297 1668 e
326 1628 554 1668 manibus:
583 1627 733 1669 dentes
765 1642 969 1684 crepuere
996 1631 1170 1669 retecti:

70 1706 206 1745 Vncta
237 1705 398 1746 cadunt
426 1705 529 1742 laxis
557 1712 664 1742 tunc
692 1705 980 1757 pulmentaria
1007 1707 1147 1746 labris.

70 1783 190 1822 Hinc
217 1783 347 1830 tuba,
382 1779 606 1821 candelae:
637 1778 901 1837 tandemque
929 1783 1128 1824 beatulus
1156 1782 1241 1822 alto

71 1858 346 1912 Compofitus
376 1860 513 1902 lecto,
544 1853 772 1911 crassisque
801 1857 966 1899 lutatus
993 1860 1192 1906 amomis,

69 1936 123 1976 In
153 1945 323 1990 portam
351 1933 513 1989 rigidos
545 1933 680 1972 calces
709 1936 928 1979 extendit:
961 1947 1002 1977 at
1030 1937 1156 1978 illum
1427 1945 1499 1982 103

71 2009 270 2053 Hesterni
301 2011 439 2064 capite
468 2010 623 2052 induto
653 2010 823 2052 subiere
857 2013 1066 2067 Quirites.

127 2086 317 2142 “Tange
346 2087 474 2127 miser
503 2101 658 2136 venas,
687 2098 731 2128 et
759 2101 876 2143 pone
905 2090 953 2128 in
983 2096 1158 2144 pectore
1190 2086 1404 2126 dextram:

69 2160 147 2202 Nil
180 2162 288 2201 calet
317 2163 416 2202 hic:
448 2162 729 2218 summosque
760 2163 893 2217 pedes
922 2162 1099 2217 adtinge
1126 2173 1394 2216 manusque:

70 2237 174 2278 Non
203 2236 406 2292 frigent.”
445 2238 541 2278 Visa-
571 2239 627 2279 est
656 2241 684 2280 fi
710 2239 822 2280 forte
851 2241 1060 2296 pecunia,
1092 2240 1182 2280 sme

71 2313 268 2354 Candida
300 2315 439 2354 vicini
471 2317 636 2358 subrisit
665 2319 796 2360 molle
822 2318 978 2375 puella,
1428 2322 1503 2350 110

71 2390 161 2432 Cor
188 2392 272 2431 tibi
302 2393 383 2432 rite
412 2391 537 2433 salit?
567 2393 760 2433 Positum
789 2393 846 2433 est
875 2394 1045 2449 algente
1073 2387 1251 2431 camino'

70 2469 245 2509 Durum
276 2469 392 2516 olus,
422 2479 464 2513 et
491 2471 645 2526 populi
675 2471 820 2512 cribro
848 2470 1017 2511 decussa
1045 2467 1206 2511 farina:

70 2545 316 2586 Tentemus
342 2546 502 2586 fauces.
531 2556 680 2586 tenero
708 2548 812 2588 latet
838 2548 960 2588 vlcus
988 2548 1034 2585 in
1064 2558 1138 2586 ore

58 2619 222 2671 Putre,
254 2622 374 2679 quod
405 2624 524 2665 haud
553 2624 704 2667 deceat
730 2625 902 2682 plebeia
926 2623 1074 2664 radere
1098 2623 1210 2663 beta.
