1685 2995
323 185 557 221 momnvs
598 186 681 220 BT·
703 184 990 219 senatum
1022 182 1255 228 ,GENERE-
1479 188 1510 234 7

71 296 189 344 tatis
209 294 446 356 cupidine
474 305 523 339 et
552 291 795 340 acuminis
827 292 987 338 ieiuni
1028 290 1286 353 scriptores
1315 291 1511 343 obscuri

73 377 122 411 et
167 364 325 423 inepti
384 361 581 409 fiebant.
700 364 898 410 Mutata
946 360 1015 405 rei
1068 360 1298 421 publicae
1342 359 1509 412 forma

72 432 399 491 moribusque
431 428 643 489 pristinis
675 428 842 476 exutis
863 465 875 484 ,
922 426 1081 473 sermo
1114 427 1317 488 quidem
1352 429 1506 481 nouis

72 499 281 556 subinde
317 497 514 545 dicendi
547 496 822 542 rationibus
856 508 904 541 et
929 494 1092 542 verbis
1126 492 1293 557 panim
1329 509 1507 544 auctu:

71 566 150 624 est,
188 565 448 628 praecipue
471 583 496 612 a
525 565 810 627 peregrinis,
842 562 933 625 qui
959 562 1181 625 Vndique
1203 579 1274 614 ex.
1296 564 1505 623 prouin-

70 635 157 681 ciis
176 639 391 681 Romam
421 632 781 689 confluxerant,
816 643 865 678 at
886 632 1045 677 multa
1067 630 1337 690 contraxit,
1375 649 1504 694 quae

69 703 326 766 antiquam
366 700 631 763 puritatem
664 699 770 745 eius
800 700 1164 760 candoremque
1195 699 1502 747 contamina-

67 783 190 817 rent.
264 771 431 815 Multa
468 768 658 829 plebeia
694 768 738 813 ci
768 765 969 813 admista
1002 766 1141 823 sunt,
1196 767 1355 814 multa
1384 768 1505 814 adu-

66 838 204 886 laudi
246 834 465 883 studium
496 836 719 889 inuexit3
783 837 939 886 maior
973 847 1137 881 tamen
1180 837 1502 897 conruptelae

65 922 174 968 pars
204 905 645 969 grammaticorum
680 914 728 949 et
765 904 1023 949 rhetorum
1059 901 1237 953 scholis
1273 903 1498 963 debetur,

66 973 427 1037 communique
460 972 563 1019 fere
607 970 793 1028 furori,
856 988 958 1033 quo
993 971 1054 1017 ad.
1082 970 1246 1017 versus
1291 971 1499 1019 conscri-

65 1042 254 1089 bendos
294 1043 448 1105 vulgo
485 1039 914 1102 compellebantur
951 1040 1033 1100 d),
1081 1037 1350 1105 omnisque
1395 1041 1498 1087 elo·

129 1195 184 1247 d)
217 1195 419 1235 Carmina
448 1193 663 1234 scribendi
685 1193 871 1237 studium
902 1192 979 1234 sub
1011 1193 1195 1250 Augusto
1228 1193 1498 1250 potissimum

214 1253 327 1308 apud
348 1254 571 1293 Romanos
593 1254 649 1291 ita
677 1252 919 1296 increbuit,
958 1262 1007 1292 vt
1028 1251 1081 1291 ad
1111 1253 1367 1307 elegantiam
1403 1267 1494 1309 per·

213 1311 386 1357 tineret,
413 1309 559 1350 versus
579 1307 764 1349 scribere
786 1320 828 1349 et
848 1310 1044 1349 recitare.
1075 1310 1222 1349 Horat.
1242 1309 1370 1364 Epist.
1386 1312 1438 1350 ll.
1462 1325 1493 1352 ι.

219 1373 292 1408 108
313 1366 428 1422 seqq.
471 1379 512 1407 et
554 1382 588 1408 2.
616 1380 667 1414 90
685 1365 802 1422 seqq.
884 1365 997 1406 Illud
1030 1365 1240 1413 studium,
1299 1370 1346 1406 in
1378 1362 1497 1423 quod

213 1434 319 1465 tunc
343 1426 479 1464 animi
507 1425 576 1463 vel
611 1422 763 1478 sponte
786 1423 1075 1469 inclinabant,
1109 1423 1159 1463 ab
1184 1424 1370 1479 Augusto
1400 1423 1493 1481 ipso

211 1494 464 1536 promotum
498 1481 553 1521 est
598 1494 700 1521 cum
739 1481 1005 1526 honoribus,
1061 1495 1169 1536 quos
1215 1484 1355 1535 poetis
1394 1495 1495 1522 con-

212 1537 352 1586 ceffit,
385 1550 478 1580 tum
512 1539 875 1580 bibliothecarum
904 1538 1180 1593 publicarum
1207 1538 1490 1582 institutione.

145 1638 147 1640 ‚
212 1596 299 1636 Hic
330 1598 506 1642 morbus
543 1598 791 1636 communis
831 1609 921 1635 uon
956 1597 1200 1636 inminutus
1240 1594 1312 1649 fed
1345 1598 1492 1653 potius

212 1663 362 1694 auctus
401 1653 456 1693 est
499 1652 576 1693 sub
622 1651 903 1707 sequentibus
936 1653 1299 1708 Imperator-ibus,
1355 1668 1494 1708 quum

209 1713 533 1767 vnusquisque,
587 1710 664 1749 nili
707 1711 842 1750 animi
897 1709 1020 1751 causa
1064 1721 1138 1751 aut
1187 1712 1267 1750 otii
1313 1709 1495 1752 fallendi

207 1767 435 1816 scriberet,
493 1768 662 1809 facilius
710 1777 755 1806 et
800 1767 1076 1807 commodius
1119 1769 1310 1822 poetices
1353 1768 1493 1811 studio

208 1839 373 1866 nornen
407 1826 447 1866 se
475 1828 764 1865 inuenturum
796 1824 877 1864 ess'e
905 1825 1205 1871 arbitraretur,
1250 1839 1381 1881 quam
1411 1827 1494 1866 alia

208 1896 484 1939 quacumque
516 1897 560 1923 re
590 1883 793 1937 grauicri.
834 1882 1010 1922 Petron.
1039 1887 1130 1923 118.
1188 1883 1334 1922 Etiam
1362 1884 1494 1923 Tibe-

208 1942 296 1980 rius
313 1971 323 1986 ‚
346 1934 670 1980 -crudelisfinius
703 1937 1056 1995 turpisssmusque
1080 1940 1311 1995 Princeps,
1344 1947 1500 1995 graeca

209 2007 251 2038 et
292 1999 422 2038 latina
463 2003 662 2054 poemata
700 1995 825 2041 fecit,
860 1996 1219 2052 Euphorionem,
1265 1998 1491 2041 Rhianum

209 2064 252 2095 et
291 2055 575 2095 Parthenium
626 2054 696 2105 (de
737 2054 896 2110 quibus
928 2069 970 2094 v.
1008 2054 1187 2094 Suidam
1222 2063 1265 2092 et
1294 2054 1402 2098 Vols.
1435 2055 1489 2097 de

207 2110 300 2152 hist.
339 2115 504 2167 graec.)
549 2113 595 2150 in
639 2113 825 2168 graecis,
865 2112 910 2150 in
940 2112 1084 2151 latinis
1126 2110 1345 2151 Meffalarn
1386 2112 1488 2153 Cor.

206 2170 361 2209 vinum
406 2171 615 2210 imitatu&
679 2169 859 2210 Sueten.
900 2170 946 2207 in
989 2169 1090 2208 Tib.
1123 2183 1188 2217 70.
1252 2168 1307 2209 cf.
1350 2170 1490 2210 Tacit.

211 2227 372 2266 Ann.I.
404 2241 473 2273 113
515 2227 626 2266 XIII.
656 2239 691 2274 3.
753 2225 947 2280 Caligula
987 2227 1192 2280 quidem,
1238 2227 1315 2280 qui
1351 2227 1489 2266 caedi-

207 2283 315 2334 bus,
363 2284 525 2338 rapinis
563 2294 606 2323 et
631 2281 782 2336 stupris
818 2285 966 2323 omnia
1002 2282 1200 2329 miscuit,
1241 2284 1414 2337 Virgilii
1447 2292 1491 2323 et

207 2340 325 2380 Livii
357 2339 509 2396 scripta
544 2341 715 2380 abolere
752 2342 959 2387 tentauit‚
996 2341 1202 2391 (Sueton.
1234 2339 1371 2395 Calig.
1404 2344 1490 2393 34.)

207 2398 389 2452 ingenio
411 2399 585 2438 illorum
621 2396 876 2452 scriptorum
904 2407 947 2437 et
974 2398 1108 2452 gloria
1140 2395 1369 2449 offensus,
1418 2411 1490 2437 ve-

206 2468 308 2495 rum
339 2456 424 2494 illis
452 2454 601 2495 fauilse
627 2454 830 2502 videtur,
876 2457 953 2510 qui
978 2455 1051 2493 vel
1080 2455 1208 2509 ipsius
1248 2454 1392 2495 laudes
1427 2468 1492 2496 ca-

208 2523 387 2559 nerent,
425 2513 496 2551 vel
527 2512 701 2553 libidini
729 2512 978 2552 excitandae
1013 2512 1203 2551 verlibus
1236 2510 1322 2551 suis
1361 2510 1489 2551 infer.

207 2571 364 2610 virent.
424 2569 489 2609 Ne
516 2569 724 2610 Claudius
756 2570 935 2624 quidem
967 2582 989 2607 a
1021 2568 1152 2609 Mulis
1183 2579 1272 2618 erar
1302 2567 1489 2614 auersus.

209 2626 388 2669 Sueton.
411 2626 562 2667 Claud.
594 2643 632 2676 3.
658 2633 722 2666 28.
748 2640 815 2676 40.
869 2627 987 2665 Plin.¹
1015 2624 1144 2680 Epist.
1167 2626 1197 2665 Ι.
1231 2640 1299 2673 13;
1347 2616 1488 2666 Tacit.

207 2684 360 2729 Annal.
391 2685 506 2731 Xlll.
546 2699 582 2733 3.
652 2684 769 2729 Nero
818 2697 970 2728 ornnes
1008 2683 1209 2730 liberales,
1241 2678 1491 2744 disciplinas
