1685 2995
679 172 875 207 sunu
921 159 960 207 1.
1477 181 1534 229 35

99 280 220 321 Haec
247 277 420 324 fierent,
463 279 490 319 fi
522 277 704 319 testiculi
737 291 849 319 vena
878 278 964 319 vlla
993 282 1163 336 paterni

98 358 273 397 Viueret
303 357 348 394 in
379 355 540 396 nobis?
569 354 735 396 summa
767 355 969 396 delumbe
998 355 1130 396 saliua

98 434 198 474 Hoc
226 442 344 472 natat
375 433 422 471 in
453 432 606 478 labris,
638 443 680 471 et
713 434 758 472 in
790 433 877 472 vdo
902 432 959 471 est
984 436 1166 473 Maenas
1186 445 1229 475 et
1253 439 1386 480 Attin.
1452 455 1525 493 105

96 507 190 549 Nec
218 509 419 563 pluteum
450 506 614 554 caedit,
646 520 727 548 nec
757 506 975 547 demorsos
1005 506 1112 563 sapit
1145 525 1325 566 vngues.

153 584 277 625 “Sed
309 583 415 639 quid
444 597 554 637 opus
592 593 760 624 teneras
790 584 982 624 mordaci
1011 586 1156 624 radere
1187 601 1292 630 vero

96 658 354 699 Auriculas‘?
389 658 491 697 vide
521 660 593 703 fis,
625 673 679 698 ne
709 661 921 700 maiorum
953 661 1033 701 tibi
1062 659 1173 701 forte

96 734 271 776 Limina
303 733 554 790 frigescant:
590 732 710 773 sonat
733 735 807 774 hic
838 734 890 774 de
920 750 1020 776 nare
1050 739 1204 778 canina

94 812 278 851 Litera.''
316 811 399 850 Per
428 823 498 849 me
529 810 734 863 equidem
765 812 843 849 lint
873 813 1020 851 onmia
1054 816 1253 865 protinus
1280 817 1388 866 alba,
1450 836 1528 862 ιω

95 887 170 927 Nil
199 899 356 926 moror.
381 899 513 941 euge,
545 900 720 932 onmes,
751 901 902 927 omnes
928 889 1039 928 bene
1066 891 1200 932 mirae
1220 897 1338 935 eritis
1358 911 1439 939 res.

94 962 193 1002 Hoc
216 959 370 1000 iuuat?
401 961 535 1007 Heic,
568 963 737 1016 inquis,
770 973 870 1003 veto
895 967 1127 1020 quisquam
1148 966 1252 1007 faxit
1272 972 1451 1016 oletum.

60 1046 62 1049 ’
93 1037 231 1091 Pinge
265 1035 375 1075 dnos
407 1049 590 1091 angues:
631 1040 779 1092 pueri,
810 1035 923 1078 sacer
947 1040 1002 1078 est
1032 1042 1174 1082 locus:
1206 1055 1320 1086 extra

93 1113 260 1151 Melite.
294 1111 486 1151 discedo.
539 1113 688 1151 Secuit
715 1115 910 1155 Lucilius
943 1118 1113 1166 Vrbem,

93 1188 160 1228 Te
187 1189 335 1242 Lupe,
366 1196 407 1226 te
437 1187 580 1236 Muci,
612 1200 653 1230 et
683 1192 926 1246 genuinum
956 1190 1082 1248 fregit
1113 1194 1158 1232 in
1189 1179 1286 1237 illis.
1448 1215 1522 1258 ¹¹5

95 1265 240 1306 Omne
273 1263 388 1304 vafer
418 1265 576 1304 vitium
605 1265 765 1304 ridenti
798 1267 971 1307 Flaccus
1001 1262 1140 1310 amico

93 1343 276 1397 Tangit,
308 1351 351 1380 et
379 1340 581 1381 admissus
615 1343 777 1379 circum
809 1346 1053 1397 praecordia
1084 1347 1209 1394 ludit,

93 1418 288 1460 Callidus
327 1418 494 1458 excull'o
524 1419 739 1472 populum
780 1417 1041 1472 suspendere
1080 1422 1196 1463 naso.

92 1497 201 1537 Men
220 1497 379 1536 mutire
399 1495 531 1541 nesus,
568 1507 649 1535 nec
666 1496 787 1540 clam,
807 1508 887 1534 nec
900 1509 1000 1535 cnm
1020 1496 1164 1538 scrobe
1179 1498 1200 1538 ‘2
1229 1500 1527 1559 “Nusquamss‘

93 1574 206 1614 Heic
235 1583 382 1613 tamen
415 1571 642 1612 infodiam.
676 1571 795 1615 vidi,
825 1573 917 1610 virli
944 1573 1055 1627 ipse,
1087 1568 1244 1623 libelle,
1447 1596 1527 1623 120

92 1652 315 1692 Auriculas
346 1651 447 1689 asini
480 1647 598 1686 Mida
630 1659 700 1685 rex
729 1647 871 1687 habet.
906 1649 990 1688 hoc
1017 1663 1096 1705 ego
1127 1661 1341 1707 opertum,

93 1726 192 1766 Hoc
220 1726 359 1766 ridere
388 1738 560 1769 meum,
591 1732 678 1761 tani
707 1723 792 1768 nil,
824 1723 939 1761 nulla
973 1725 1054 1765 tibi
1085 1728 1229 1768 vendo

91 1802 241 1843 Iliade.
299 1801 465 1842 Audaci
492 1801 758 1853 quicumque
792 1798 942 1837 adflate
972 1800 1162 1847 Cratino,

91 1880 255 1920 Iratum
283 1875 548 1932 Eupolidem
575 1875 827 1929 praegrandi
857 1888 957 1914 cuin
987 1876 1085 1916 sene
1116 1881 1264 1932 palles,

89 1952 274 2009 Adspice
304 1961 347 1992 et
377 1953 503 1997 haec,
538 1952 565 1989 fi
597 1949 707 1989 forte
737 1951 901 2003 aliquid
933 1951 1157 1994 decoctius
1188 1956 1326 1999 audis.
1449 1974 1522 2012 1²5

91 2030 200 2070 Inde
231 2037 432 2083 vaporata
458 2029 592 2067 lector
620 2027 730 2065 mihi
763 2024 928 2066 fei-ucat
960 2039 1084 2068 aure:

90 2107 195 2147 Non
225 2108 319 2152 hic,
350 2106 426 2161 qui
452 2107 500 2143 in
527 2102 720 2155 crepidas
753 2101 980 2143 Graiorum
1011 2105 1159 2145 ludere
1187 2106 1308 2162 gestit

94 2181 325 2225 Sordidus,
357 2189 399 2219 et
425 2177 542 2219 lusco
574 2180 650 2233 qui
679 2177 818 2232 poscit
849 2179 1014 2225 dicere,
1044 2180 1173 2229 lusce,

92 2257 191 2299 Sese
220 2259 411 2312 aliquem
442 2253 644 2300 credens,
677 2255 779 2294 ltalo
813 2255 931 2309 quod
967 2248 1133 2296 honore
1162 2257 1345 2312 supinus

89 2319 281 2390 Fregerit
307 2335 506 2373 heminas
540 2333 655 2372 Arcti
688 2332 837 2371 aedilis
868 2331 1063 2384 iniquas:
1449 2354 1526 2390 130

88 2411 183 2452 Nec
213 2410 291 2465 qui
321 2410 452 2449 abaco
482 2421 689 2449 numeros
720 2417 761 2448 et
789 2406 903 2447 sectr>
934 2409 980 2446 in
1009 2410 1186 2462 puluere
1210 2421 1346 2454 metas

90 2486 181 2526 Scit
209 2483 332 2524 rififfe
363 2482 503 2531 vastet,
550 2487 738 2525 multum
768 2483 954 2540 gaudere
987 2494 1173 2538 paratus,

89 2560 136 2600 Si
166 2560 335 2612 Cynico
365 2560 542 2600 barbam
568 2563 766 2615 petulans
797 2563 974 2600 nonaria
1006 2562 1149 2602 vellat.

84 2635 169 2676 His
198 2649 327 2675 mane
359 2635 577 2684 edictum,
607 2636 699 2692 post
722 2638 904 2694 prandia
937 2640 1186 2681 Callirhoen
1218 2639 1289 2681 do.

1211 2717 1322 2768 (ἐκΙ
