1685 2995
215 164 271 206 14
671 165 736 200 m:
797 161 965 199 PERSH
1027 164 1170 207 vlssra,

208 272 473 320 Videamus
525 272 679 336 igitur
731 272 950 348 primum
995 273 1054 319 de
1102 274 1434 337 argumentis,
1509 297 1649 342 quae,

207 342 458 387 tractanda
483 340 568 386 fibi
597 341 873 402 proposuit,
909 339 963 386 in
990 357 1206 402 quorum
1234 343 1426 389 delectu
1452 362 1631 411 magna

209 410 373 455 cautio
404 410 625 454 habenda
656 408 718 453 elt
747 416 930 470 poetae.
1001 410 1197 455 Debent
1222 411 1357 456 enim
1390 410 1481 459 effe
1504 415 1633 462 eius·

208 477 372 532 modi,
428 489 481 521 vt
512 494 596 538 per
639 476 681 521 se
727 476 825 521 inu
869 478 1102 522 lectorem
1145 479 1517 538 quodammodo
1550 483 1634 527 ad·

206 544 406 600 lis-iant,
474 556 589 589 nota
632 544 831 604 quidem
881 555 1028 604 atque
1066 543 1300 608 insignia,
1357 546 1426 593 ita
1463 560 1630 596 tamen

208 613 377 658 animo
408 612 780 672 comprehensa,
838 610 1161 675 vt‘nouitatis
1195 630 1396 676 quoque
1421 618 1647 678 gratiani

205 680 442 735 habeant,
496 695 798 741 quamquam
839 680 919 724 vel
960 679 1294 744 negligentius
1346 680 1629 745 circumspi-

206 748 358 792 cienti
402 746 586 807 vbique
636 747 784 792 obuia
832 746 1102 792 videantur.
1188 752 1243 793 In
1290 748 1447 808 prima
1486 751 1628 799 satira

204 814 307 877 egit
329 813 499 860 Noster
535 817 594 861 de
622 814 890 876 inportuna
923 814 1168 860 scribendi
1201 827 1249 860 et
1277 817 1517 863 recitandi
1547 835 1630 865 cu·

203 884 373 944 pidine
413 896 464 928 ac
494 882 552 928 de
582 898 734 943 prauo
767 895 815 929 et
855 895 1099 941 conrupto
1138 881 1399 929 venustatis
1430 897 1479 930 et
1520 887 1628 946 pul-

203 949 467 996 critudinis
522 950 719 996 iudicio.
821 953 878 994 In
926 949 1129 996 secunda
1183 950 1242 996 de
1285 950 1511 1011 precibus
1550 953 1628 1002 in-

201 1017 370 1079 probis
414 1030 460 1062 et
500 1017 696 1078 ineptis.
789 1017 956 1064 Tertia
998 1016 1284 1064 defidiosam
1322 1031 1371 1064 et
1414 1020 1625 1069 mollem

203 1090 476 1132 Romanam
503 1088 814 1131 iuuentutem
845 1083 1149 1148 perstringit3
1186 1098 1357 1146 quarta
1383 1090 1625 1151 regnandi

201 1153 523 1213 cupiditatem
555 1170 820 1215 rerumque
861 1153 1168 1209 publicarum
1200 1170 1395 1211 euram,
1448 1173 1641 1204 eorum,

200 1222 429 1267 omnium
458 1221 699 1285 ignarnn,
739 1221 920 1283 quibus
961 1220 1052 1265 niti
1095 1222 1282 1267 debeat.
1354 1226 1409 1266 In
1448 1225 1641 1284 quinta,
1676 1260 1683 1268 .

199 1290 259 1334 d(
291 1306 400 1334 vera
433 1290 658 1335 libertate
696 1292 886 1351 mitum
946 1289 997 1333 in
1032 1287 1160 1334 sexta
1197 1289 1256 1334 de
1292 1288 1519 1353 legitimo
1551 1292 1632 1337 di·-

197 1355 437 1402 vitiarum
459 1369 544 1402 aut
577 1356 648 1403 lei
679 1341 937 1403 familiaris
966 1355 1065 1401 vsu.
1140 1360 1197 1401 In
1229 1357 1410 1416 prima,
1464 1360 1636 1417 tertia,⁴

198 1436 370 1486 quarta
395 1438 442 1471 et
475 1424 603 1470 sexta
642 1442 744 1471 non
772 1437 872 1469 tam
905 1425 957 1468 in
991 1424 1182 1470 delectu
1214 1441 1379 1471 rerum
1415 1425 1622 1484 peccasse

195 1491 412 1538 Perfium
446 1493 682 1549 dixerim,
741 1509 890 1553 quam
922 1492 975 1537 in
1007 1492 1324 1549 tractatione,
1374 1505 1535 1538 tamen
1566 1494 1622 1541 in

196 1561 335 1607 tertia
370 1573 418 1607 et
453 1562 583 1607 sexta
624 1577 733 1606 meo
776 1560 976 1622 quidem
1011 1558 1150 1605 sensu
1174 1557 1371 1607 felicius
1401 1561 1628 1610 versatus-

194 1625 273 1673 est.
360 1629 607 1675 Secundae
647 1629 816 1674 satirae
848 1639 1198 1689 argumentum
1230 1628 1402 1675 minus
1445 1641 1621 1688 aptum

194 1693 394 1741 videtur
422 1696 614 1742 satirico
640 1702 834 1756 poetae,
874 1695 919 1741 ei
951 1695 1257 1756 praesertim,
1304 1697 1392 1757 qui
1422 1696 1617 1756 pietatis

192 1762 332 1809 sensu
368 1775 469 1810 tam
504 1767 822 1811 vehementer
853 1763 1061 1810 inbutus
1096 1761 1184 1819 est,
1234 1780 1381 1825 quam
1414 1764 1620 1822 Perfius,

192 1848 494 1893 quamquam
524 1831 772 1878 quenalis
801 1844 848 1877 et
877 1833 971 1878 hoc
999 1828 1112 1877 satis
1147 1832 1410 1877 commode
1444 1844 1620 1880 tracta-

191 1899 289 1955 vit,
343 1917 517 1947 verum
555 1900 895 1946 declamatoria
928 1899 1116 1945 ratione
1160 1900 1315 1963 magis
1359 1917 1508 1962 quam
1550 1900 1621 1955 sa-¹

196 1967 351 2013 tirica.
421 1968 645 2015 Luciano
674 1967 816 2013 riseri
841 1968 1019 2013 melius
1040 1983 1115 2013 res
1141 1965 1370 2026 proceffit.
1443 1969 1533 2014 Sed
1563 1967 1619 2016 in

191 2034 396 2097 quintae
434 2035 603 2083 satirae
639 2047 935 2099 argumento
966 2035 1259 2097 deligendo,
1311 2051 1411 2081 non
1452 2053 1477 2081 e
1512 2031 1669 2085 vita*—

188 2105 445 2149 communi
462 2140 473 2159 ‚
517 2122 690 2151 verum
712 2122 737 2150 e
769 2103 941 2150 stoicae
966 2101 1256 2163 disciplinae
1281 2103 1618 2163 penetralibus

189 2171 512 2232 deprompto,
560 2171 701 2218 cuius
731 2171 870 2218 sacris
901 2188 964 2217 ne
1000 2170 1101 2231 ipse
1133 2169 1338 2232 quidem
1371 2170 1488 2218 satis
1519 2171 1621 2224 iniq

187 2239 337 2284 tiatus
398 2238 539 2286 fuiffe
590 2241 810 2296 videtur,
875 2238 1091 2284 maxime
1143 2236 1308 2284 forsan
1372 2238 1620 2300 peccauit.-

187 2306 472 2368 Disputatio
497 2309 668 2369 enim,
729 2325 853 2369 quae
890 2307 1058 2352 subtili
1093 2322 1257 2352 rerum
1295 2322 1318 2351 a
1357 2306 1620 2353 communi

187 2374 279 2420 vsu
324 2389 624 2423 remotarum
664 2374 890 2421 finitione
929 2375 1135 2430 nititur,
1197 2374 1250 2419 in
1287 2391 1382 2436 qua
1416 2375 1619 2427 animus,

185 2442 267 2487 vel
306 2444 520 2489 maxime
549 2447 606 2490 ab
642 2444 905 2490 oculorum
941 2455 989 2488 et
1017 2443 1215 2487 aurium
1254 2440 1615 2487 consuetudine

184 2513 467 2558 euocandus
494 2511 582 2568 eit,
617 2529 699 2573 per
723 2511 806 2556 se
794 2528 892 2558 iam
923 2526 1126 2556 omnem
1156 2507 1403 2570 poeticam
1436 2521 1616 2557 tracta·

183 2576 377 2624 tionem
419 2549 625 2643 respuit,
689 2582 876 2642 quique
920 2596 1026 2625 eam
1065 2576 1396 2624 nihilominus
1443 2589 1614 2626 tamen

184 2646 472 2705 tentauerit,
528 2648 568 2694 is
602 2664 764 2709 neque
795 2648 928 2710 apud.
953 2637 1241 2708 disciplinae
1268 2646 1416 2699 rudes
1449 2661 1616 2709 neque,
