1685 2995
155 138 213 181 42
777 139 945 172 rssnsn

152 245 251 288 Neu
282 245 377 299 quis
411 244 606 285 callidior
639 245 802 284 buxum
835 255 1036 299 torquere
1065 245 1247 300 flagello.

210 324 340 363 Hand
370 322 451 360 tibi
484 322 754 374 inexpertum
787 333 941 361 curuos
973 321 1236 374 deprendere
1271 338 1427 373 mores,

155 402 367 454 Quaeque
398 397 526 437 docet
556 396 722 451 sapiens
752 396 961 435 braccatis
995 397 1115 437 inlita
1145 398 1287 440 Medis

152 476 376 520 Porticus,
410 472 622 513 insomnis
655 470 812 524 quibus
844 479 885 508 et
916 471 1090 513 detonsa
1125 475 1331 516 iuuentus

151 553 382 606 Inuigilat.
415 550 579 604 siliquis
611 558 654 586 et
682 546 831 602 grandi
861 547 968 599 pasta
1002 550 1190 604 polenta.
1531 562 1575 599 ςς

151 629 207 671 Et
238 629 319 667 tibi
350 640 459 683 quae
494 627 661 664 Samios
693 622 865 662 diduxit
890 623 1008 664 litera
1034 638 1191 672 ramos,

154 705 414 758 Surgentem
447 701 595 741 dextro
628 682 885 740 monstrauit
913 702 1054 741 limite
1084 703 1246 742 callem.

156 780 308 822 Stertis
337 779 511 818 adhuc?
541 779 774 830 laxumque
807 788 936 831 caput
961 791 1168 834 compage
1199 778 1334 819 soluta

155 857 322 897 Oscitat
355 853 623 898 hesternum,
681 851 854 892 dissutis
883 853 1077 908 vndique
1110 855 1267 895 malis?

153 931 223 971 Est
253 929 418 984 aliquid
443 942 531 984 quo
565 927 729 973 tendis,
763 938 806 967 et
835 931 881 969 in
916 930 1034 983 quod
1065 931 1215 986 dirigis
1247 927 1428 969 arcum?
1529 925 1584 964 60

154 1010 220 1050 An
249 1006 396 1060 paffim
426 1005 614 1061 sequeris
646 1017 802 1043 coruos
832 1005 1020 1061 testaque
1055 1009 1244 1061 lutoque,

155 1085 339 1126 Securus
363 1084 451 1138 q'uo
482 1095 558 1136 pes
584 1081 716 1126 ferat,
747 1092 872 1137 atque
901 1097 951 1122 ex
980 1091 1176 1136 tempore
1206 1080 1353 1121 riuis?

211 1160 496 1199 Helleborum
528 1157 698 1204 frustra,
726 1172 863 1211 quum
894 1160 978 1199 iam
1008 1159 1117 1199 cutis
1153 1171 1275 1213 aegra
1304 1155 1503 1200 tumebit,

155 1236 384 1279 Poscentes
409 1236 574 1276 videas.
605 1237 802 1275 venienti
837 1236 1055 1276 obcurrite
1083 1236 1250 1275 morbo.

155 1314 212 1354 Et
244 1313 350 1367 quid
382 1326 491 1368 opus
524 1312 698 1352 Cratero
729 1325 910 1365 magnos
939 1313 1188 1364 promittere
1214 1310 1419 1352 montes?
1533 1308 1582 1359 63

155 1387 322 1430 Discite
352 1389 394 1428 io
424 1388 595 1432 miseri,
627 1396 669 1426 et
699 1388 854 1427 caussas
887 1389 1131 1443 cognoscite
1158 1386 1329 1428 rerum!

158 1463 278 1516 Quid
309 1462 477 1510 sumne,
511 1475 553 1504 et
587 1464 796 1518 quidnam
826 1466 984 1504 victuri
1016 1463 1270 1519 gignimur?
1302 1462 1409 1503 ordo

158 1540 271 1593 Quis
303 1540 450 1586 datus,
482 1552 556 1581 aut
586 1550 726 1580 metae
751 1555 880 1596 quam
906 1541 1050 1580 mollis
1079 1538 1241 1585 flexus,
1284 1548 1326 1578 et
1352 1537 1501 1577 vnde?

159 1614 271 1670 Quis
304 1616 460 1656 modus
492 1617 707 1669 argento?
740 1615 848 1672 quid
874 1614 936 1655 fas
969 1616 1150 1669 optare?
1180 1615 1285 1670 quid
1312 1613 1431 1670 asper

157 1695 272 1734 Vtile
304 1707 465 1735 numus
495 1692 658 1732 habet?
707 1692 867 1745 patriae
897 1695 1089 1747 carisque
1125 1694 1385 1748 propinquis
1537 1706 1589 1742 70

160 1769 390 1823 Quantum
419 1771 588 1824 elargiri
622 1770 802 1810 deceat?
847 1785 980 1825 quern
1012 1780 1054 1810 te
1088 1770 1192 1809 dous
1225 1768 1305 1809 ess'e

156 1842 300 1890 Iuffit,
334 1856 376 1885 et
403 1846 595 1885 humana
628 1858 712 1899 qua
741 1853 861 1900 parte
896 1848 1061 1887 locatus
1091 1860 1134 1885 es
1169 1846 1215 1883 in
1243 1844 1320 1884 re‘?

156 1922 308 1962 Disce:
339 1935 419 1961 nec
449 1922 671 1968 inuideas,
714 1921 835 1976 quod
861 1922 999 1961 multa
1031 1920 1171 1959 fidelia
1201 1930 1326 1976 putet

156 1997 207 2037 In
238 1997 457 2051 locuplete
486 2011 629 2051 penu,
662 1998 842 2039 defensss
872 1999 1109 2053 pinguibus
1136 1998 1323 2042 Vmbris,

157 2073 214 2114 Et
246 2074 394 2126 piper,
427 2085 470 2113 et
500 2088 680 2129 pernae,
710 2077 837 2116 Marii
864 2077 1133 2116 monimenta
1164 2074 1351 2119 clientis,
1538 2088 1586 2124 75

159 2148 406 2204 Maenaqne
435 2151 553 2204 quod
583 2154 720 2207 prima
752 2152 952 2192 nondum
984 2149 1188 2190 defecerit
1218 2164 1328 2192 orca,

217 2224 303 2262 Hic
334 2224 489 2278 aliquis
521 2226 573 2266 de
603 2239 729 2283 gente
762 2227 926 2268 hircosa
957 2229 1267 2268 centurionum

159 2301 309 2348 Dicat,
340 2302 474 2354 Quod
504 2302 604 2342 satis
636 2303 716 2351 est,
755 2303 871 2359 [apio
902 2304 1037 2343 mihi:
1076 2317 1167 2343 non
1196 2317 1275 2359 ego
1305 2316 1406 2345 curo

158 2375 274 2421 Effe,
308 2376 426 2430 quod
454 2364 652 2421 Arcesilas
685 2382 1010 2436 aerumnosique
1040 2381 1235 2427 Solones,

161 2451 340 2507 Obstipo
372 2455 536 2508 capite,
568 2467 610 2497 et
639 2457 818 2514 figentes
849 2458 1015 2498 lumine
1041 2465 1210 2503 terram,
1540 2461 1591 2496 80

162 2528 389 2571 Murmura
425 2545 563 2588 quum
592 2533 737 2574 secum
767 2544 810 2573 et
838 2532 1001 2575 rabiosa
1027 2534 1189 2573 silentia
1217 2532 1390 2578 rodunt,

161 2605 301 2669 Atque
333 2621 583 2666 exporrecto
613 2612 879 2652 trutinantur
913 2611 1043 2654 verba
1072 2611 1243 2657 labello,
