1685 2995
252 175 489 213 Momnvs
551 175 616 210 ET
680 174 1240 213 SCRlBENDIIGENERE.
1403 177 1463 226 15'

32 284 162 348 apud
188 283 513 345 philosophos
541 283 748 347 gratiam
782 283 947 330 inibit.
1020 286 1287 333 Eiusmodi
1319 288 1460 335 enim

32 351 340 417 quaestiones
378 351 543 397 verbis
580 350 770 396 scholae
813 349 1021 409 orniss'w,
1071 367 1128 400 vt
1161 361 1334 416 poetae
1374 373 1461 418 pat

32 418 123 478 est,
186 420 452 466 commode
501 418 698 464 tractari
749 418 834 464 vix
890 418 1105 481 possunt,
1144 440 1248 469 ·nec
1291 423 1461 486 quiuis

30 490 187 536 lector
225 487 417 533 subtilis
459 485 701 532 orationis
737 486 927 532 sensum
965 504 1130 549 capere
1162 492 1316 548 valet,
1365 491 1459 538 nisi

32 555 234 604 stoicam
265 553 510 601 rationem
530 553 662 615 quasi
692 553 746 599 in
778 568 1034 602 numerato
1054 559 1241 604 habeat.
1317 559 1462 605 Vide-

33 640 148 672 mus
175 622 378 684 quidem
410 619 624 667 Persium
659 637 858 682 operam
887 623 1023 679 dare,
1075 637 1132 671 vt
1164 625 1457 674 scholasticis

32 689 358 753 compedibus
388 690 512 734 liber
536 689 603 734 ita
627 689 888 750 loquatur,
928 703 982 736 vt
1006 709 1109 738 rem
1136 695 1217 739 vel
1249 694 1458 741 rudibus

33 761 243 822 aperiat,
294 774 466 804 verum
506 755 606 818 ipsa
650 757 755 801 eius
790 759 1077 815 contentio,
1129 777 1284 823 quum
1325 762 1462 807 felici

32 824 252 874 subceffu
273 824 587 878 destituatur,
634 823 828 887 ingrata
859 825 923 871 est
946 827 1145 884 lectori,
1189 827 1462 891 obficitque

32 894 285 942 interdum
342 893 617 951 voluptati,
688 909 837 954 quarn
888 910 949 939 ex
996 897 1294 956 quibusdam
1337 897 1461 944 locis

34 961 151 1009 satis
190 960 404 1008 feliciter
451 959 664 1006 tractatis
712 959 940 1022 alioquin
994 979 1161 1024 capere
1217 964 1461 1025 potuisset.

34 1037 200 1092 Atque
232 1041 335 1074 tota
362 1029 480 1074 haec
514 1044 613 1084 reS,
669 1044 826 1090 quum
866 1046 950 1091 per
975 1030 1022 1077 se
1051 1030 1344 1079 difficillima
1387 1032 1460 1091 sit,

36 1097 74 1144 si
111 1097 345 1158 cuiquam
389 1112 654 1157 vmquam,
706 1096 753 1140 ei
794 1109 990 1143 tantum
1034 1101 1255 1160 prospere
1292 1100 1461 1147 cedere

34 1163 212 1227 potest,
265 1163 355 1227 qui
380 1162 458 1219 id,
514 1165 648 1225 quod
682 1175 883 1211 tractare
910 1166 1021 1211 vult
1043 1203 1055 1222 ,
1106 1167 1324 1229 penitius
1360 1167 1463 1227 ipse

36 1232 329 1293 inspexerit,
379 1243 433 1277 vt
458 1248 508 1277 ea
539 1232 758 1292 seponat,
808 1250 931 1294 quae
961 1234 1170 1280 omnino
1204 1240 1462 1300 vulgarem

33 1300 281 1349 rationem
309 1316 411 1345 non
436 1299 660 1360 capiant,
701 1301 886 1362 reliqua
917 1303 974 1347 ad
1003 1316 1202 1363 captum
1230 1303 1462 1350 multitu-

37 1369 172 1416 dinis
226 1367 594 1425 adcommodet,
664 1368 918 1432 magisque
961 1370 1172 1417 sensibus
1216 1373 1462 1420 lectorum

38 1453 194 1501 quam
223 1434 507 1482 intellectui
539 1436 775 1482 consulat.

136 1539 411 1595 Secundae,
459 1538 666 1599 quintae
695 1551 743 1585 et
773 1538 931 1588 sextae
961 1540 1129 1589 satirae
1148 1538 1467 1603 epistolarum

37 1608 200 1659 forma
237 1607 410 1653 induta
440 1604 531 1661 est3
577 1607 687 1652 sunt
715 1620 879 1654 tamen
909 1611 1107 1671 proprie
1137 1610 1467 1673 disputatiun-

38 1679 180 1724 culae
214 1675 458 1738 poeticae,
509 1676 570 1721 ad
600 1675 915 1732 Macrinum,
969 1682 1250 1724 Cornutum
1274 1692 1323 1725 et
1360 1677 1468 1726 Bas-

39 1745 150 1792 sum
184 1742 376 1801 missae,
428 1759 488 1788 ex
527 1741 833 1806 cogitatione
869 1744 1033 1807 aliqua
1069 1747 1311 1810 grauiori,
1366 1746 1467 1793 for-

40 1813 174 1859 tuito
199 1812 331 1874 quali
358 1810 585 1857 scribenti
607 1813 803 1867 oborta,
850 1830 1000 1875 quam
1034 1814 1190 1860 statim
1216 1817 1468 1876 adreptam

41 1878 248 1944 longius
285 1878 685 1940 prosequeretur,
737 1893 893 1926 natae.
984 1883 1227 1945 Iniquum
1271 1882 1469 1929 videtur

43 1947 297 2004 statuere‚·
345 1945 560 1993 Persium
608 1948 660 1993 in
717 1949 791 1993 his
845 1950 1167 1996 Horatianam
1214 1953 1468 2013 epistolam

43 2015 233 2063 imitari
274 2012 504 2070 voluiss‘e,
570 2032 768 2070 verum,
835 2018 971 2078 quod
1011 2017 1100 2064 fibi
1145 2019 1469 2081 proposuerit,

42 2102 146 2131 non
175 2081 316 2129 fniffe
344 2083 641 2129 adsecutum.
715 2088 1002 2133 Horatianas
1029 2086 1192 2134 satiras
1217 2089 1277 2134 ab
1299 2087 1471 2149 episto-

42 2153 107 2200 lis
135 2153 239 2197 eius
268 2163 315 2197 et
340 2151 510 2206 rebus,
543 2168 667 2212 quae
691 2165 902 2214 Vtroque
928 2171 1103 2217 genere
1132 2157 1468 2213 continentur,

45 2232 94 2268 et
129 2219 450 2280 expolitionis
486 2223 675 2266 ratione
711 2222 921 2267 diuersas
950 2220 1063 2278 esse,
1113 2224 1210 2269 iam
1237 2221 1473 2269 viderunt

44 2301 228 2334 veteres
256 2289 336 2348 n),
380 2304 638 2348 nuperque
663 2284 1000 2354 Morgenscern
1032 2292 1224 2337 doctam
1255 2291 1474 2353 disputa-

44 2356 236 2403 tionem
291 2356 350 2401 de
403 2354 690 2402 discrimine
734 2374 904 2403 earum
943 2358 1162 2406 instituit
1200 2361 1268 2424 ο).
1356 2364 1473 2407 Non

129 2498 174 2548 ti)
203 2493 363 2534 Statius
397 2493 503 2533 Silv.
531 2493 562 2533 Ι.
590 2509 625 2542 3.
658 2508 726 2542 ¹03
753 2492 838 2550 seq.

132 2566 173 2615 o)
202 2563 268 2602 De
304 2562 452 2602 satirae
496 2570 623 2616 atque
675 2563 870 2617 epistolae
915 2563 1174 2608 Horatianae
1206 2562 1473 2605 discrimine.

197 2618 312 2673 Lips.
350 2634 466 2660 1500.
527 2621 576 2659 In
610 2621 688 2659 hac
718 2621 1016 2676 disputatione
1049 2628 1160 2679 (pag.
1188 2639 1249 2671 ςῑ.
1270 2624 1317 2661 in
1344 2623 1476 2672 notis)

198 2676 482 2733 reprehendit
507 2675 845 2727 Casaubonums
870 2681 948 2736 qui
975 2682 1068 2722 inas
1097 2691 1182 2724 tres
1207 2679 1354 2720 satiras
1390 2680 1476 2734 epi-
