1685 2995
565 144 625 179 m
672 142 910 178 sarium
954 129 993 180 1.
1419 141 1482 192 αῖ

63 252 280 296 interdum
311 252 364 293 ad
396 251 571 292 laudem
605 250 813 305 spectare,
861 250 1019 290 docent
1053 249 1222 293 Manut.
1260 263 1302 293 et
1330 254 1483 295 (ἔνεον.

63 313 115 353 ad
143 312 279 351 Cicer.
309 311 362 349 de
385 308 508 350 Offlc.
527 309 558 353 1,
578 321 616 358 9.
677 307 855 347 Sensus:
889 321 1184 363 quascumque
1208 321 1272 349 res
1294 313 1485 350 carmine

62 369 258 409 celebret.
325 365 607 406 versabantur
639 361 999 417 ineptiffimorum
1035 371 1258 418 poetarum
1294 369 1484 407 carmina

61 426 317 481 plerumque
351 426 397 462 in
431 422 635 462 omuibus
673 422 864 460 luxuriae
900 419 1213 468 instrumentis,
1254 425 1370 462 vitae
1402 425 1484 462 ele-

63 484 235 536 gantiis,
266 482 496 535 epulisque
525 475 762 518 lautissimis
794 490 1020 529 procerum
1052 477 1356 523 describendis,
1387 480 1485 520 hae-

63 552 147 593 que
183 553 245 576 res
279 538 485 588 grandes.
521 545 568 574 vt
598 534 808 589 putabant
836 534 899 571 illi
929 532 1131 588 quidem,
1174 535 1485 576 sententiarum

65 606 236 635 tumore
266 603 309 633 ct
346 593 491 632 verbis
531 591 778 630 sonantibus
817 589 1200 643 distinguebantur.
1245 592 1321 631 dac
1354 591 1488 652 illusa

62 662 234 704 poetae,
277 664 297 690 a
332 649 453 690 Musa
489 647 714 686 instinctus
744 651 870 699 poeta
907 648 1037 685 canit.

148 709 198 758 69
218 707 276 762 sq.
309 708 511 759 Ineptum
545 705 629 744 hoc
661 703 813 758 populi
849 703 1065 743 iudicium
1097 709 1267 758 poetam
1298 697 1489 744 nostruin

66 765 118 805 ad
150 764 236 819 ipsa
277 764 520 803 carminum
552 761 656 800 vitia
693 759 835 805 ducit,
878 774 987 815 quae
1022 773 1102 815 pro
1134 760 1371 800 virtutibus
1402 775 1487 800 am·

63 821 343 877 plexabantur
371 829 478 858 tunc
507 819 715 872 temporis
747 815 995 870 scriptores,
1035 816 1088 856 ad
1117 818 1266 857 inanes
1296 827 1490 857 tumores

65 891 107 918 v.
126 879 316 928 69-7ς,
347 876 400 916 ad
433 877 632 929 ineptum
668 874 901 913 verborum
936 875 1215 927 antiquorum
1253 877 1491 929 aucupium

65 936 316 981 v.76·-84‚
346 932 400 972 ad
429 931 640 986 frigidum
679 929 866 969 studium
905 931 950 968 in
980 929 1128 985 figuris
1161 929 1297 971 doctis
1330 932 1494 985 vbique

67 989 326 1042 adhibendis
357 994 598 1038 v.85-91,
628 987 682 1027 ad
711 986 912 1027 versuum
942 986 1232 1027 effeminatam
1259 989 1494 1028 mollitiem

66 1047 332 1098 v.92-106.
407 1046 613 1086 Tumoris
652 1043 812 1085 vitium
856 1044 1116 1085 institutioni
1158 1055 1200 1084 et
1240 1044 1494 1100 disciplinae

67 1104 306 1145 scholarum
325 1102 475 1143 Noster
509 1105 693 1157 inputat.
753 1101 918 1155 Quum,
949 1110 996 1140 vt
1019 1099 1141 1157 supra
1169 1100 1222 1140 ad
1244 1117 1285 1141 v.
1309 1116 1370 1151 ²9·
1403 1115 1494 1142 mo-

67 1164 269 1206 nuimus,
298 1159 538 1199 studiorum
570 1169 612 1198 et
639 1159 858 1198 literarum
889 1158 1067 1198 initium
1096 1173 1118 1199 a
1146 1158 1319 1198 Graecis
1342 1160 1496 1205 literis,

69 1221 114 1259 in
142 1220 294 1272 primis
325 1218 377 1257 ab
406 1217 590 1256 Homeri
621 1216 809 1255 lectione
840 1226 1073 1270 caperetur,
1114 1215 1305 1265 (Petron.
1330 1220 1384 1266 ς.)
1415 1217 1494 1259 lin·

67 1290 196 1330 guam
226 1276 430 1315 Graecam
460 1275 717 1328 plerumque
741 1273 930 1311 Romani
955 1274 1072 1327 prius
1089 1301 1099 1317 ‚
1130 1286 1260 1328 quam
1286 1284 1494 1312 vernacu-

69 1328 154 1373 lam
196 1331 492 1377 adducebant,
532 1329 650 1385 quod
686 1329 986 1383 Quintilianus
1024 1329 1112 1385 ipse
1150 1329 1317 1384 probat.
1388 1329 1496 1369 Inde

72 1389 204 1430 illud:
239 1390 396 1440 nugari
411 1383 578 1444 solitos
607 1387 777 1429 Graece,
810 1387 1036 1441 intelligas.
1096 1385 1165 1425 Isti
1191 1399 1320 1441 porro
1347 1395 1496 1427 tenera

71 1446 214 1486 adhuc
246 1454 382 1486 aetate
418 1453 460 1484 et
489 1457 633 1484 rerum
675 1442 904 1498 prudentia
941 1456 1030 1484 non
1068 1442 1165 1484 satis
1206 1443 1400 1484 instructi
1443 1443 1497 1482 ad

69 1504 261 1558 poetices
294 1513 337 1543 et
358 1503 630 1556 eloquentiae
650 1500 839 1540 studium
868 1513 890 1538 a
918 1500 1285 1555 praeceptoribus,
1314 1515 1370 1540 ne
1400 1502 1497 1553 ipsis

73 1559 254 1616 quidem
286 1559 646 1613 intelligentibus,
675 1570 886 1611 veraeque
910 1568 951 1597 et
979 1561 1193 1613 genuinae
1225 1559 1498 1611 eloquentiae

72 1618 259 1673 ignaris,
297 1616 494 1670 peruersa
520 1617 687 1654 ratione
717 1613 1057 1654 adducebantur.
1124 1616 1355 1654 Rationem
1387 1614 1499 1654 insti·

76 1673 228 1714 tuendi
266 1683 426 1728 pueros
465 1673 668 1712 discimus
704 1684 754 1710 ex
788 1672 979 1711 Iuvenal.
1000 1673 1087 1717 Vll,
1113 1685 1187 1716 150
1203 1669 1263 1727 sq.
1306 1672 1421 1712 vnde
1452 1673 1502 1709 li-

74 1744 206 1786 quere
249 1730 448 1775 videtur,
492 1728 711 1783 magistros
752 1728 1084 1769 declamationes
1118 1726 1352 1774 dictitasse,
1396 1741 1501 1784 quas

75 1790 162 1835 illi,
202 1788 436 1827 memoriae
469 1786 666 1832 traditas,
701 1784 753 1824 ad
783 1784 1032 1825 facultatem
1067 1785 1118 1824 de
1152 1797 1426 1840 quacumque
1454 1798 1500 1824 re

75 1846 202 1885 verba
231 1843 421 1885 faciendi
453 1843 528 1882 fibi
564 1842 819 1896 parandam,
853 1855 998 1882 coram
1031 1843 1127 1896 ipsis
1159 1844 1412 1882 memoriter
1439 1854 1502 1881 re·

76 1904 271 1942 citarent.
346 1901 550 1940 Ceterum
584 1899 731 1939 causae
762 1901 809 1938 in
844 1898 1000 1939 scholis
1032 1900 1271 1954 propositae
1307 1908 1349 1938 et
1378 1898 1503 1938 fictae

78 1967 197 2000 erant
227 1968 269 1998 et
295 1967 484 1998 remotae
507 1971 529 1996 a
552 1958 776 1996 communi
800 1957 914 1996 vitae
942 1955 1033 1996 vsu.
1066 1971 1109 1996 v.
1133 1957 1320 2010 Interpp.
1353 1956 1405 1995 ad
1426 1957 1502 1996 Pe-

75 2026 187 2056 tron.
212 2018 244 2055 1.
305 2016 402 2055 Hoc
433 2016 528 2054 loco
561 2014 772 2054 institutio
810 2013 925 2069 apud
954 2014 1255 2069 grammaticos
1289 2012 1343 2052 est
1379 2014 1504 2053 intel·

77 2071 265 2128 ligenda.
309 2073 496 2127 Quintil.
517 2071 566 2117 ΙΙ,
592 2085 624 2110 1.

163 2134 213 2178 69
227 2154 263 2161 -
279 2143 346 2178 7²·
377 2129 442 2168 Ad
457 2130 688 2168 transitum
708 2127 952 2167 molliorem
970 2127 1220 2167 faciendum
1238 2126 1504 2181 cogitatione

80 2186 251 2240 subple:
300 2186 422 2226 Illam
453 2193 805 2241 argumentorum
832 2185 1083 2230 vanitatem,
1113 2187 1285 2238 ineptos
1313 2193 1506 2223 tumores

80 2255 130 2282 ac
161 2258 296 2282 rerum
327 2244 553 2295 grandium
580 2241 773 2281 studium
806 2254 941 2295 prope
976 2242 1028 2281 ab
1060 2242 1263 2281 omnibus
1300 2239 1504 2286 adamari,

78 2313 137 2341 ne
165 2301 363 2348 mireris;
406 2315 493 2339 ecce
519 2300 642 2339 modo
662 2307 742 2337 cet.
785 2298 934 2337 heroas
944 2294 1115 2356 sensus.
1173 2299 1434 2352 Argumenta
1458 2298 1506 2346 in

80 2357 237 2398 scholis
272 2358 483 2412 proposita
513 2355 793 2396 versabantur
831 2357 1089 2410 plerumque
1127 2355 1174 2394 in
1209 2356 1338 2400 vitis,
1379 2354 1511 2393 mori·

78 2414 162 2455 bus
193 2426 242 2453 ac
266 2415 390 2455 factis
416 2415 616 2458 heroum,
647 2423 690 2452 et
712 2413 760 2451 in
785 2411 1120 2467 quaestionibus,
1157 2425 1266 2466 quae
1293 2410 1347 2449 ad
1371 2412 1509 2451 vitam

81 2486 236 2527 pamm
281 2473 481 2511 vtilitatis
528 2471 759 2510 habebant.
812 2469 1000 2522 Quintil.
1020 2470 1090 2515 111,
1112 2473 1149 2508 8.
1193 2468 1384 2509 Iuvenal.
1421 2467 1506 2507 l.c.

82 2530 234 2568 heroas
251 2525 408 2586 sensus
445 2530 566 2584 (prot
603 2528 801 2566 heroicos
836 2525 999 2577 sensus)
1040 2527 1186 2580 itaque
1222 2528 1508 2579 interpretor:

82 2583 267 2626 heroum
304 2586 546 2631 orationes,
589 2597 693 2640 quas
724 2582 915 2624 habuiffe
946 2583 1255 2638 tingebantur,¹
1282 2594 1348 2622 res
1380 2579 1512 2636 gestas

84 2651 130 2682 et
156 2640 241 2683 fata
272 2655 436 2684 eorum.
475 2639 647 2701 adscrre
681 2638 879 2682 scribere.
948 2636 1156 2699 Artifices
1179 2643 1357 2693 ponere,
1396 2650 1512 2694 grae·
